3210 5228
89 292 128 359 18
598 290 706 353 ll'irr.
724 292 773 366 lli,
793 294 841 353 ta.

87 469 207 537 111111,
230 466 284 542 uui
307 464 479 536 dixemntl,
511 476 602 541 quam
624 460 719 524 breve
739 466 829 525 esset
849 467 987 540 tempus,
1013 476 1077 542 quo
1099 462 1169 525 talis
1188 464 1371 542 perferenda

89 546 283 621 Cbmstlanls,
306 551 482 628 significare
505 549 562 609 hac
579 550 729 628 particula
751 549 939 627 apostolum,
962 566 1030 611 cum
1053 555 1184 611 mortem
1207 553 1304 612 auita
1319 564 1368 611 re·

88 642 232 715 caperata
253 635 401 698 continuo
429 639 587 714 exceptam
610 635 727 696 diceret
752 638 930 713 passionem
958 636 1054 697 semel
1081 634 1262 698 absolutam.
1307 626 1371 697 Hoc

76 720 188 801 'ipsum
210 727 314 783 autem
334 720 557 784 consolationis
580 727 792 799 argumentum
820 739 877 799 per
899 722 1060 798 epistolam
1082 738 1175 783 suam
1206 723 1372 801 amplexari

90 806 315 888 quodammode
338 808 460 869 uidebar
483 806 643 885 apostolus
666 808 716 885 ici.
740 809 767 880 1,
791 809 819 871 b.
843 807 871 871 8.
895 807 937 878 ll,
966 809 1011 869 li.
1035 808 1069 880 V,
1096 807 1155 883 10).

171 894 234 957 Sed
257 891 408 972 reliquum
432 899 481 955 est
509 899 543 954 ut
562 892 776 964 ostendamus,
802 892 957 979 quomodo
980 910 1048 954 eum
1072 893 1182 954 horum
1205 894 1371 956 verborum

89 975 291 1061 explicatione
314 979 466 1058 qtradrent
489 996 567 1057 quac
589 978 709 1057 reliqua
731 979 790 1039 hec
812 995 907 1039 versu
929 980 1087 1056 leguntur;
1116 981 1183 1061 napi
1212 973 1374 1057 ἁμαρτιῶν

90 1066 207 1129 scilibet
232 1078 347 1145 passus
372 1079 445 1127 esse
475 1065 586 1126 dicitnr
616 1065 758 1126 Christus
785 1062 902 1135 δίκαιος
930 1059 1007 1144 ὑπὲρ
1038 1059 1171 1137 ἀδίκων,
1205 1064 1258 1125 ἵνα
1290 1057 1375 1146 ἡμᾶς

89 1145 266 1232 amorim
290 1156 333 1232 cpi
363 1153 439 1233 θεῷ.
492 1151 553 1212 Pro
575 1151 758 1212 Christianis
782 1149 951 1227 expiandae
979 1153 1116 1227 ipsorum
1145 1152 1252 1231 culpae
1267 1163 1373 1217 'cansa
1400 1146 1403 1151 '

89 1243 220 1301 11111111
242 1250 425 1316 perpessum
447 1251 519 1300 esse
536 1237 707 1308 Christum,
732 1238 778 1299 uti
800 1253 893 1314 supra
910 1236 967 1314 (ll,
985 1236 1103 1301 2115.
1127 1238 1164 1298 oi.
1187 1255 1248 1317 pag
1278 1237 1374 1315 seq.)

89 1325 132 1386 lta
154 1324 214 1385 hoc
243 1324 310 1384 loco
340 1323 475 1384 additum
503 1341 574 1384 esse
601 1324 702 1400 potuit
729 1334 791 1382 non
822 1322 879 1382 alia
909 1322 947 1383 de
971 1339 1062 1383 causa
1091 1323 1153 1383 nisi
1181 1330 1217 1385 ut
1239 1322 1374 1385 arctiore

90 1410 181 1472 etlam
205 1409 399 1486 obligationis
421 1409 544 1471 vinculo
568 1408 734 1469 Christiani
757 1413 947 1469 tenerentur.
984 1407 1045 1469 Sed
1069 1425 1162 1488 supra
1180 1410 1244 1486 jam
1269 1413 1372 1471 osten·

89 1494 190 1557 dimus
211 1492 408 1573 obligationis
431 1498 491 1556 mm
515 1496 637 1555 omniuo
660 1510 723 1555 non
741 1510 812 1555 esse
828 1497 983 1572 propriam
1004 1497 1104 1555 nostri
1119 1496 1187 1556 loci.
1218 1496 1284 1571 Quo
1298 1510 1372 1557 vero

89 1581 210 1661 spectet
231 1581 390 1658 apostolus
410 1582 500 1642 facile
516 1583 716 1659 cognoscitur
730 1598 768 1642 er
784 1582 943 1642 enuntiato
962 1581 1059 1641 finali:
1080 1579 1132 1638 lvo
1156 1575 1238 1663 ἡμᾶς
1257 1602 1373 1660 oporo-

88 1662 167 1749 ydm
187 1670 231 1748 τῷ
252 1668 327 1748 θεῷ.
373 1664 437 1727 1111
465 1669 547 1726 enim
576 1666 670 1727 verbo
700 1666 913 1737 confirmatur,
946 1683 1035 1744 quam
1062 1668 1158 1727 totius
1186 1667 1245 1728 loci
1274 1682 1372 1729 nexus

90 1752 213 1825 suadet,
236 1754 353 1830 opinio,
379 1770 440 1813 uon
468 1759 528 1812 tam
559 1752 596 1812 de
624 1753 792 1829 expiatoria
820 1769 898 1830 quae
928 1752 1039 1812 dicitur
1063 1752 1176 1813 Christi
1204 1755 1314 1814 mortis
1342 1755 1373 1815 ri

90 1855 182 1917 11111
203 1837 242 1898 de
265 1838 441 1899 bominibus
464 1837 502 1898 ad
525 1839 623 1899 Deum
654 1837 837 1899 reducendis
866 1854 1040 1899 sermonem
1069 1854 1155 1910 esse,
1184 1836 1224 1899 lia
1253 1845 1288 1899 ut
1314 1834 1374 1901 boo

28 2001 31 2005 ‚
89 1922 186 1987 verbo
214 1924 305 1985 simul
333 1926 435 1986 omnia
464 1941 499 1984 ea
528 1927 756 1996 contineantur,
785 1941 863 2001 quae
894 1942 910 1985 e
939 1923 1054 1984 Christi
1083 1927 1314 1986 resurrectione
1343 1929 1375 1987 et

91 2011 273 2072 ascensione
295 2012 374 2071 inira
398 2009 664 2072 commemoranda
687 2009 725 2069 ad
749 2009 940 2071 Christianos
961 2008 1136 2070 redundent
1146 2010 1171 2071 2.
1216 2011 1292 2071 ilinc
1319 2026 1373 2090 pb-

89 2101 216 2159 tucrum
237 2098 397 2176 participia
419 2094 469 2156 illa
493 2093 694 2167 θανατωθείς
715 2103 747 2156 11
769 2093 970 2170 §mosonensis
995 2097 1132 2156 ‘arctiore
1163 2096 1285 2174 quidem
1308 2098 1374 2158 vln-

89 2181 158 2245 cnlo
172 2198 239 2244 cum
256 2177 340 2255 ἅπαξ
353 2218 395 2228 -
411 2177 509 2242 ἔπαθε
522 2183 630 2258 juncta
646 2180 703 2242 sub
715 2182 807 2241 linem
824 2181 908 2248 addi,
926 2182 997 2258 quia
1013 2180 1095 2259 quod
1107 2180 1144 2240 ad
1161 2200 1286 2244 sensum
1304 2186 1374 2244 atti-

89 2274 144 2329 net
153 2274 335 2346 argumento
347 2273 420 2329 suut
439 2268 529 2328 simul
537 2268 637 2343 perbo
651 2262 836 2346 προςαγάγῃ.
858 2269 988 2345 Aperuit
999 2266 1121 2344 quidem
1134 2267 1171 2327 ad
1184 2269 1280 2330 Deum
1293 2273 1374 2330 viam

88 2354 300 2416 tantummodo
324 2370 408 2415 mors
429 2360 460 2414 et
479 2355 579 2413 omnia
597 2370 676 2430 quae
686 2369 746 2433 pro
761 2353 935 2413 homiuibus
950 2369 1120 2431 perpessus
1138 2360 1204 2414 erat
1220 2355 1373 2427 Christus,

89 2445 273 2520 persecutns
295 2457 371 2501 vero
393 2443 443 2500 est
465 2439 607 2499 Christus
637 2438 718 2498 hunc
746 2441 850 2515 ipsum
870 2440 978 2499 mortis
1006 2441 1098 2499 iluem
1128 2457 1145 2499 e
1175 2443 1304 2501 mortuis
1326 2441 1373 2501 ad

83 2533 208 2606 patrem
228 2525 334 2587 redux.
378 2526 422 2585 lta
444 2526 534 2585 facile
558 2529 700 2603 apparet,
730 2522 807 2585 haec
829 2542 952 2602 quoque
983 2525 1118 2585 membra
1149 2529 1374 2588 sententiarum

89 2614 182 2675 nuni
203 2612 283 2673 bene
307 2613 431 2689 injungi.
478 2610 509 2671 ld
528 2612 594 2688 jam
617 2611 731 2688 agitur,
754 2615 789 2670 ut
811 2610 992 2689 adplenum
1015 2610 1096 2670 illam
1121 2611 1229 2674 salutis
1255 2617 1373 2674 sortem

90 2697 283 2759 adducantur
305 2697 472 2758 Christiani
494 2698 650 2774 superatis
674 2696 817 2757 omuibus
840 2697 953 2773 quibus
975 2697 1006 2756 in
1029 2697 1085 2756 hac
1108 2699 1169 2757 vita
1193 2703 1374 2775 premantur

90 2776 329 2855 calamitatibus,
345 2783 551 2860 impediantur
565 2784 710 2860 peccatis.
740 2782 784 2842 lix
799 2783 876 2854 lV‚i
896 2784 976 2844 enim
993 2781 1139 2844 discimus
1157 2783 1282 2856 deiude,
1300 2800 1390 2863 apo„

91 2868 203 2931 stolum
225 2868 316 2930 simul
340 2868 378 2929 de
401 2886 482 2930 nexu
505 2870 624 2930 illarum
648 2868 849 2929 calamitatum
876 2885 944 2929 cum
967 2869 1210 2930 sanctificatione
1237 2876 1268 2931 et
1289 2871 1372 2948 puri·

89 2955 233 3017 flectione
255 2972 273 3015 a
296 2959 493 3032 peccatorum
515 2957 603 3032 culpa
626 2972 728 3032 agere.

174 3040 273 3103 Porro
297 3041 333 3101 ad
362 3038 429 3120 ipsa
453 3040 558 3104 ultima
580 3052 693 3102 versus
714 3039 811 3101 rerba
841 3042 1014 3100 accuratius
1038 3042 1129 3101 etiam
1154 3041 1370 3103 attendendum

90 3128 153 3190 edi:
176 3126 376 3198 θανατωθεὶς
398 3125 454 3203 μὲν
477 3127 585 3202 σαρκί,
610 3124 810 3202 ζωοποιηθεὶς
833 3123 866 3184 δὲ
887 3119 1048 3201 πνεύματι.
1315 3146 1318 3151 ·

175 3213 310 3291 Singulis
332 3212 571 3289 singularem
594 3210 799 3288 respondent,
826 3212 871 3269 uti
898 3212 985 3270 inira·
999 3207 1083 3283 inii
1107 3214 1216 3275 similis
1239 3229 1371 3289 prorsus

89 3298 269 3360 bimembris
292 3301 445 3360 sententia
467 3299 572 3359 verbis
594 3296 702 3358 eadem
731 3310 801 3356 oum
830 3296 981 3371 elegantia
1010 3303 1041 3358 et
1070 3313 1143 3358 cura
1170 3299 1371 3360 conformatis

91 3384 211 3463 legitur.
245 3383 347 3463 Σαρκί
355 3419 397 3430 -
409 3379 559 3458 πνεύματι
573 3383 692 3443 dativos
703 3380 863 3441 relationis
876 3399 946 3442 esse
959 3385 1051 3444 evicit
1062 3385 1208 3447 Winerus
1224 3380 1369 3463 (Granum.

90 3470 118 3549 1.
130 3470 169 3534 ti
178 3462 217 3542 {6
238 3468 285 3530 ed.
306 3472 433 3546 sextae).
468 3467 610 3530 Christus
633 3467 750 3529 scillcet
772 3473 925 3547 quatenus
950 3485 1072 3530 earnem
1094 3470 1237 3533 habuerit
1259 3486 1379 3548 cuper-⁵

89 3561 142 3617 tus
155 3571 229 3617 esse
243 3559 390 3622 mortem,
405 3561 558 3632 quatenus
580 3556 707 3632 spiritus
729 3554 771 3614 sit
792 3569 996 3630 recuperasse
1015 3548 1109 3617 vitam
1127 3556 1251 3630 dicitur,
1275 3563 1369 3634 atque

91 3639 345 3720 quemadmodum
366 3640 441 3718 quid
468 3657 552 3700 mors
580 3641 674 3701 iuerit
702 3639 745 3699 illi
775 3655 813 3699 ex
840 3641 943 3700 carnis
972 3642 1013 3701 ita
1041 3660 1079 3703 ex
1103 3644 1232 3720 spiritus
1261 3648 1379 3712 natura

85 3725 250 3805 indicanda
274 3728 344 3804 ejus
365 3728 437 3787 rita.
468 3719 554 3802 Σάρξ
576 3743 592 3786 1
615 3725 773 3804 plerisque
795 3730 882 3786 recte
905 3725 943 3786 de
963 3732 1089 3788 externa
1105 3736 1216 3790 natura
1231 3730 1371 3800 humana,

91 3813 192 3891 qualis
215 3814 318 3873 estin
340 3813 398 3873 hoc
421 3811 642 3878 mundomorti
667 3811 813 3882 obnoxia,
838 3812 994 3888 accipitur.
1029 3815 1133 3875 Altera
1157 3818 1243 3876 notio
1267 3814 1372 3874 diffici-

91 3900 150 3961 lior
171 3904 222 3961 est
243 3898 410 3961 intellectu.
452 3899 550 3959 Recte
573 3916 590 3958 a
612 3889 842 3959 recentioribus
862 3901 981 3974 πνεῦμα
1008 3901 1045 3962 11
1068 3900 1188 3962 diuinae
1209 3894 1292 3962 'vitae
1315 3899 1370 3960 ho·
1398 3902 1406 3909 ‘
1518 3952 1521 3959 .

92 3986 167 4047 mini
187 3987 307 4062 gratiae
331 4001 390 4063 ope
414 3986 568 4062 ingenitae
589 3987 620 4045 vi
643 4001 679 4044 ac
706 3984 858 4061 principio
882 3985 1043 4061 accipitur,
1067 4004 1105 4047 ex
1134 4003 1196 4064 quo
1221 3988 1298 4046 iluat
1319 3985 1370 4046 1111

93 4071 266 4149 posthanc
288 4075 469 4132 terrestrem
492 4071 553 4131 rita
577 4070 666 4130 beuta
688 4067 945 4146 1111111111111.1
990 4072 1074 4146 Quae
1095 4073 1174 4133 inira
1197 4076 1372 4149 sequuntur

94 4206 285 4217 aau-u-——nn-

53 4280 59 4295 “·
161 4274 184 4325 1.
202 4269 261 4326 Joh.
282 4271 410 4333 Gerhard‚
428 4271 538 4342 Sieiger.

160 4342 186 4393 1.
204 4339 318 4407 neoni:
343 4341 395 4403 „lli
412 4357 473 4403 nos,
496 4343 542 4410 qui
559 4338 700 4392 abalienati
716 4339 864 4402 fueramus,
885 4343 957 4410 ipse
981 4341 1099 4392 abiens
1122 4338 1160 4391 ad
1179 4339 1310 4393 Patrem
1329 4358 1370 4395 se·

91 4420 153 4465 m
166 4410 389 4476 huniniilicatos
403 4410 588 4463 adduceret
602 4432 631 4447 a»
648 4428 682 4447 υ
721 4423 756 4461 er
770 4408 905 4462 eosdem
922 4409 1058 4477 gradus,
1073 4424 1157 4475 quos
1173 4410 1247 4478 ipse
1262 4422 1371 4464 emen»

92 4484 218 4533 mest
235 4479 421 4531 mannitionis
439 4486 465 4531 et
483 4477 656 4533 exaltationis.
706 4477 792 4530 xhoe
810 4478 892 4531 verbo
910 4477 1004 4531 Petms
1023 4476 1157 4543 usquead
1175 4477 1245 4540 inc
1263 4480 1369 4548 penitus

91 4548 228 4607 matht
242 4545 338 4601 Christi
356 4552 384 4598 ct
400 4547 517 4601 fidelium
536 4549 585 4598 iter
602 4547 659 4598 sive
696 4553 857 4600 incessum.“

152 4614 184 4671 ’1.
203 4614 254 4669 cir.
269 4616 417 4684 Wiesinger
433 4631 457 4683 p.
470 4619 520 4670 231
529 4631 582 4682 sp:
602 4561 693 4684 „odoi
706 4617 854 4684 dasjenige,
871 4632 925 4667 soor
939 4615 995 4666 dean
1006 4614 1142 4666 Menecles
1156 4634 1206 4668 oon
1221 4620 1306 4670 scisse
1320 4636 1368 4671 aa·

66 4698 70 4705 '
91 4684 219 4739 *ma
230 4685 324 4741 debora
342 4686 388 4737 ber
402 4688 486 4754 eipnet
503 4686 558 4737 und
574 4685 645 4735 aeine
661 4686 853 4750 Gcmeinacbaft
869 4686 917 4735 nsit
934 4683 980 4734 der
1000 4683 1067 4736 Wele
1082 4686 1235 4749 amaran,
1253 4685 1363 4757 πνεῦμα

1590 2148 1594 2157 -
1587 1887 1597 2103 n—*—t-
1587 1798 1597 1840 ·-“
1588 1711 1597 1753 ι·-
1588 1622 1597 1666 -

1581 2325 1597 2979 -”-Ι““-ιῂ-Ἰ-ι-’-
