3210 5228
219 317 260 378 bd
746 318 848 374 ΙΡιιιι.
863 317 910 384 lV,
926 317 955 373 6.
1067 271 1069 284 Ι

220 485 259 546 de
281 485 411 545 mortuis
434 499 536 544 sermo
561 487 623 554 est,
647 485 709 543 vita
732 485 892 545 terrestris
913 484 1037 543 omnino
1061 481 1199 558 deposita
1224 487 1256 544 et
1283 481 1383 543 divina
1410 498 1490 560 quae

221 572 331 650 spiritu
354 575 463 646 agatur
481 571 542 630 vita
562 571 650 646 juxta
667 574 835 648 ponantur·
863 571 956 646 Atqui
979 570 1039 628 nisi
1062 569 1150 629 hoc
1141 585 1241 646 ipsum
1259 570 1454 630 accesserit
1445 586 1491 629 ιιι-

219 658 362 718 termissa
385 655 525 716 videatur
551 673 643 732 quam
670 656 793 716 inchoat
818 655 978 732 apostolus
1000 655 1226 717 conclusionem
1244 673 1336 718 versu
1359 659 1371 718 l
1391 643 1487 733 (oda).

218 743 252 804 Iu
280 740 531 804 antecedentibus
555 743 635 803 enirn
658 759 719 803 non
743 743 841 804 solum
868 741 904 802 de
928 745 1027 802 morte
1044 740 1157 801 Christi
1180 740 1347 819 expiatoria
1371 740 1426 802 sed
1449 740 1488 802 dc

219 829 355 906 ejusdem
382 831 464 889 statu
496 828 611 905 gloriae
640 829 803 906 agebatur,
833 846 924 906 quam
954 831 1083 887 mortem
1111 843 1280 904 perpessus
1302 832 1488 888 consecutus

219 920 311 976 esset.
346 915 450 992 Gapite
474 916 566 974 tertio
590 920 721 975 exeunte
744 915 939 975 cumulantur
963 914 1078 990 gloriae
1102 914 1181 974 illius
1205 917 1388 976 testimonia.
1419 914 1489 973 Jam

219 1002 332 1062 lactum
358 1018 430 1062 esse
461 1001 492 1060 in
521 1001 722 1077 sequentibus
751 1000 889 1061 uidemus
924 999 1005 1077 quod
1035 998 1231 1060 desideretur
1262 1003 1349 1060 initio
1381 1000 1520 1076 capitis.

220 1089 329 1165 quarti.
375 1087 496 1147 Gloriae
518 1088 600 1147 enim
622 1087 702 1147 illius
725 1092 757 1147 et
779 1087 944 1164 potestatis
969 1084 1082 1146 Christi
1101 1103 1194 1146 versu
1218 1089 1324 1163 quinto
1348 1092 1379 1146 et
1401 1090 1491 1146 sexto

220 1174 260 1234 ita
285 1175 398 1234 mentio
423 1173 457 1231 lit
478 1178 523 1243 ut,
541 1172 693 1250 quomodo
710 1175 761 1250 qui
778 1172 936 1248 evangelio
954 1171 1079 1231 credant
1096 1171 1177 1233 illios
1195 1173 1310 1249 gloriae
1324 1173 1491 1249 participes

29 1304 32 1314 .
127 1272 151 1306 ι’
219 1260 294 1320 fiant
315 1265 346 1320 et
366 1259 442 1336 ipsi,
465 1275 526 1319 non
541 1263 687 1322 taceatur.
722 1259 766 1318 Ad
791 1276 876 1330 eum,
901 1275 990 1334 quem
1008 1258 1150 1318 Christus
1173 1258 1305 1319 obtinuit
1323 1259 1490 1336 potestatis
1586 1319 1589 1326 ,

219 1349 344 1418 statum,
368 1346 496 1422 respicit
516 1346 699 1421 significatio
716 1345 765 1404 illa
785 1338 801 1404 ὃ
817 1340 948 1420 ἑτοίμως
962 1338 1039 1419 ἔχων
1053 1350 1152 1423 κρῖναι
1168 1342 1283 1417 ζῶντας
1301 1343 1351 1403 καὶ
1366 1336 1492 1425 νεκρούς

219 1433 264 1491 uti
291 1449 385 1509 supra
414 1430 614 1492 ostendimus.
659 1432 712 1492 llis
741 1433 817 1509 ipsis
844 1430 948 1490 verbis
978 1430 1130 1506 digressio
1158 1431 1208 1490 illa
1237 1430 1274 1491 de
1301 1430 1489 1491 aduersariis

219 1518 389 1579 absolvitur
413 1519 454 1576 ιιι
477 1522 511 1577 ιιι
538 1518 644 1578 redeat
666 1519 771 1577 oratio·
787 1516 824 1575 ad
855 1516 1036 1576 senteutiam
1064 1535 1122 1593 qua
1154 1521 1246 1593 caput
1273 1518 1398 1577 tertium
1421 1517 1489 1576 tini·

218 1608 282 1679 tur;
307 1606 410 1664 statim
433 1609 536 1663 auteur
554 1603 730 1681 adjungitur
750 1608 789 1679 (v.
805 1603 835 1679 6)
860 1620 938 1681 quae
958 1604 1080 1663 omnino
1104 1604 1197 1663 luerit
1214 1603 1488 1680 argumentationis
1588 1656 1595 1687 ,V

166 1767 171 1780 Ι
218 1707 337 1755 summa
361 1707 454 1750 versu
475 1691 575 1766 primo
598 1695 629 1749 et
652 1689 820 1750 secundo
807 1707 872 1765 Jam
894 1689 1032 1749 illatta
1000 1694 1032 1748 et
1053 1707 1133 1748 nunc
1156 1688 1192 1748 ad
1217 1691 1347 1766 eosqui
1375 1687 1504 1749 mortui-

217 1777 281 1836 sint
302 1778 453 1837 restricta

302 1862 389 1931 Nunc
411 1862 523 1922 clarius
546 1864 636 1921 etiam
655 1861 814 1939 apparebit
834 1861 913 1920 unde
933 1867 1123 1921 mortuorum
1140 1861 1193 1921 fiat
1212 1863 1334 1922 mentio.
1359 1861 1495 1922 Christo.

218 1951 296 2010 enim
321 1948 499 2009 redeunte
492 1950 530 2007 ris
546 1948 672 2024 gloriam
697 1948 879 2007 etsalutem
898 1947 1090 2024 prejudicio
1114 1953 1308 2024 competere,
1323 1949 1375 2025 qui
1396 1965 1487 2009 evau-

219 2036 298 2111 gelio
316 2036 401 2094 Petri
418 2033 562 2094 obedient
549 2039 606 2094 tes
622 2035 743 2112 atque
736 2052 767 2093 ιιι
793 2035 849 2092 hac
872 2051 964 2110 quam
986 2037 1057 2093 ante
1081 2036 1173 2111 (ui)
1197 2033 1397 2111 descripserit
1423 2036 1487 2095 uita

216 2123 433 2199 permanentes
463 2138 480 2179 a
502 2120 624 2180 Christo
646 2121 842 2197 reperiantur
870 2121 930 2179 vivi
953 2123 1135 2192 etiamtunc,
1160 2138 1222 2180 non
1244 2121 1344 2180 minus
1368 2124 1486 2181 certum

165 2220 167 2227 '
218 2212 269 2268 est
295 2225 351 2285 per
381 2224 415 2266 se
445 2224 535 2283 quam
562 2208 721 2266 imminere
749 2205 936 2268 adversariis
961 2205 1110 2281 judicium
1146 2208 1196 2283 qui
1225 2206 1317 2267 tales·
1331 2209 1488 2284 reperian-

127 2365 129 2375 γ
216 2299 268 2353 tur
290 2294 397 2369 quales
420 2298 490 2352 ante
515 2297 554 2365 (v.
571 2292 602 2366 4)
626 2292 745 2354 dixerit.
784 2293 886 2369 lpsum
909 2292 967 2351 hoc
988 2287 1118 2368 ἑτοίμως
1140 2288 1217 2368 ἔχειν
1239 2292 1321 2370 quod
1341 2293 1380 2354 de
1402 2293 1487 2354 chri-

216 2384 266 2439 sto
288 2396 369 2438 nunc
386 2375 579 2455 praedicatur
602 2378 847 2438 adversariorum
866 2377 971 2453 judice
994 2377 1177 2438 Christianis
1201 2377 1332 2439 debebat
1353 2381 1384 2438 in
1403 2397 1487 2440 men·

216 2470 279 2525 tem
305 2481 452 2526 revocare
476 2481 561 2540 spem
579 2481 665 2541 quae,
684 2481 777 2541 supra
797 2465 957 2540 proposita
986 2469 1066 2523 erat:
1090 2463 1244 2544 σωτηρίας
1266 2462 1389 2543 ἑτοίμης
1412 2462 1487 2526 ἄπο·
1551 2476 1555 2481 ’

216 2551 416 2630 καλυφθῆναι
443 2549 541 2627 (Li).
585 2550 668 2610 lntcr
691 2551 778 2610 vivos
804 2549 925 2627 quidem
948 2546 1108 2627 apparebit
1131 2550 1208 2610 haee
1232 2552 1325 2612 salus.
1373 2551 1486 2612 Contra

216 2638 330 2697 mortui
352 2638 406 2712 qui
426 2637 549 2695 fuerant
572 2654 588 2695 e
612 2636 855 2697 Christianorum
878 2653 1007 2696 numero
1030 2635 1086 2696 hac
1110 2637 1209 2697 salute
1232 2654 1293 2697 non
1313 2637 1415 2709 ¹solum
1438 2655 1486 2699 or-

216 2722 279 2782 bati
302 2721 484 2783 videbantur
506 2723 597 2783 immo
620 2724 680 2800 ipsi
698 2722 815 2799 judicio
835 2722 966 2800 qurodam
983 2724 1047 2799 jam
1069 2723 1196 2800 abrepti.
1231 2723 1308 2797 Quid
1331 2723 1412 2801 quod
1436 2724 1486 2784 ad-

214 2809 346 2870 uersarii
368 2825 461 2885 quum
485 2811 607 2869 omnino
631 2815 767 2882 sanctam
790 2809 1032 2869 Christianorum
1055 2811 1148 2870 uitam
1170 2809 1303 2870 ludibrio
1325 2809 1484 2882 habereut,

215 2912 307 2972 quam
329 2895 458 2954 maxime
481 2895 696 2956 insultaverint
718 2896 795 2955 hanc
819 2912 909 2972 quam
935 2894 1074 2955 dicerent
1097 2895 1338 2956 Christianorum
1362 2896 1485 2958 demen-

215 2983 302 3052 tiam,
325 2998 418 3057 quum
438 2980 578 3042 viderent
594 2998 664 3052 eos,
688 2983 740 3058 qui
762 2981 922 3041 terrestris
942 2983 1021 3043 vitae
1044 2982 1215 3058 voluptates
1231 2984 1396 3059 carnisque
1419 2982 1485 3044 libi·

213 3065 301 3128 dines
321 3066 490 3142 abjicerent
506 3072 636 3144 propter
659 3085 743 3144 spem
761 3068 875 3127 Christi
897 3070 1034 3144 proxime
1057 3067 1199 3140 redituri,
1224 3067 1353 3146 denique
1376 3068 1485 3129 eodem

213 3170 275 3230 quo
292 3154 430 3230 reliquos
452 3152 544 3213 modo
563 3170 670 3213 omnes
690 3159 788 3214 morte
802 3153 958 3229 abreptos.
993 3155 1108 3214 Horum
1130 3159 1200 3214 ante
1219 3156 1320 3214 omnia
1336 3157 1483 3216 sanctitas

212 3238 391 3300 vindicanda
411 3256 544 3316 sorsque
560 3257 638 3317 quae
656 3240 811 3301 videretur
826 3239 1025 3299 ιιιιιιιιιιιιι1
1044 3257 1133 3317 quam
1145 3240 1236 3300 beata
1254 3245 1381 3319 tutaque
1398 3246 1485 3302 esset

213 3323 483 3385 demonstrandum
506 3330 587 3397 erat,
610 3344 703 3402 quum
726 3331 872 3402 ageretur
895 3325 931 3385 de
956 3326 1136 3386 Christianis
1167 3327 1205 3386 ab
1235 3327 1482 3388 adversariorum

212 3412 359 3471 conviciis
382 3428 438 3487 per
450 3410 635 3472 Christum
622 3428 685 3489 Jam
708 3412 888 3472 redeuntem
912 3411 1087 3481 liberandis.
1123 3412 1156 3472 ld
1180 3413 1292 3491 quod
1284 3431 1315 3473 ιιι
1332 3433 1401 3474 euru
1420 3432 1483 3475 mo·

211 3495 281 3557 dum
303 3496 352 3567 fit,
384 3502 417 3556 ut
444 3497 629 3557 concedatur
647 3497 755 3573 judicii
777 3497 943 3557 nonnihil
936 3515 1039 3558 messe
1069 3500 1100 3558 in
1124 3504 1224 3559 morte
1250 3502 1399 3581 (κριθῶσι
1426 3499 1509 3577 μὲι
1554 3563 1559 3569 ,

210 3578 289 3642 amad
314 3577 503 3660 ἀιθρώιιους
532 3583 650 3661 σαρκί).
696 3584 753 3658 Qui
776 3599 851 3645 vero
882 3583 939 3642 hoc
962 3584 1114 3644 subierint
1138 3583 1237 3646 libent
1224 3593 1273 3646 ter
1303 3586 1481 3659 obedientes

214 3668 372 3745 cvangelio
397 3671 428 3728 et
415 3667 509 3727 fitde
530 3675 688 3747 receptum
706 3676 881 3741 servantes,
902 3672 932 3728 in
956 3671 995 3730 iis
1013 3672 1107 3731 virne
1109 3676 1318 3748 tpotestatem
1335 3673 1483 3750 evangelii

210 3771 278 3814 eam
308 3772 342 3814 se
369 3753 519 3831 praebere
548 3761 581 3814 ιιι
609 3755 702 3816 hac
694 3774 762 3833 ipsa
789 3759 836 3817 via
860 3758 940 3816 vitae
968 3755 1048 3816 illius
1072 3758 1240 3834 spiritualis
1270 3764 1302 3818 et
1324 3759 1443 3820 divinae
1465 3777 1482 3818 a

211 3839 331 3901 Christo
354 3843 485 3918 primurn
507 3853 707 3917 recuperatae
731 3844 805 3902 fiant
827 3844 994 3919 participes
1017 3861 1110 3904 carue
1134 3845 1199 3904 sola
1222 3847 1253 3904 in
1275 3847 1383 3906 mortis
1401 3845 1482 3922 judi·
1589 3913 1592 3917 ,

209 3927 257 3986 cio
280 3925 486 4003 pessumdata.
524 3926 602 4000 Quid
623 3928 695 3988 inde
718 3935 903 4006 sequeretur
926 3928 963 3987 de
986 3930 1026 3990 iis
1049 3931 1101 4006 qui
1124 3933 1236 3992 mortui
1259 3937 1366 3992 essent
1388 3949 1481 4008 quum

210 4012 360 4089 evangelii
376 4013 435 4071 vim
458 4014 490 4072 ιιι
512 4030 557 4073 ιιΔ
570 4030 630 4073 non
652 4013 865 4086 admisissent,
885 4016 951 4074 'non
974 4021 1041 4075 erat
1061 4017 1143 4093 qood
1161 4015 1286 4081 diceret.
1322 4018 1481 4079 Sententia

176 4104 178 4107 ’
207 4099 301 4175 igitur
316 4098 365 4158 illa
380 4098 557 4176 principalis
575 4101 671 4160 totius
690 4100 854 4177 epistolae:
873 4095 1049 4178 παθήματα
1063 4101 1112 4162 καὶ
1128 4100 1207 4181 μετὰ
1224 4107 1323 4164 ταῦτα
1337 4099 1425 4176 δόξαι
1441 4140 1480 4152 -

211 4200 302 4262 qnam
325 4190 409 4244 recte
432 4202 466 4244 se
489 4185 614 4259 habeat,
637 4203 717 4246 nono
740 4187 770 4245 in
794 4188 832 4245 iis
855 4187 946 4245 etiam
969 4194 1108 4266 apparet,
1137 4208 1268 4268 quorum
1292 4206 1361 4250 sors
1389 4209 1480 4268 quam

209 4271 338 4331 maxime
361 4271 402 4329 illi
426 4288 599 4349 repugnare
615 4272 764 4336 videatur.
809 4271 872 4331 lioc
893 4278 994 4333 autem
1014 4278 1118 4336 nescio
1139 4294 1200 4353 quo
1218 4275 1284 4335 loco
1303 4279 1406 4353 aptius
1429 4277 1480 4338 de
1540 4320 1545 4335 .

206 4361 408 4428 monstretur,
433 4374 523 4433 quam
546 4359 609 4418 ubl
632 4359 841 4418 christiin
864 4366 1041 4421 mortuos
1064 4379 1184 4438 aeque
1213 4378 1255 4420 ac
1284 4362 1391 4424 vivos
1413 4380 1480 4442 po·

275 4512 298 4561 l.
318 4507 400 4562 lGor
412 4507 464 4571 XV,
479 4512 523 4562 la:
544 4506 568 4559 εἰ
586 4502 618 4560 ἐν
634 4510 667 4582 τῇ
682 4510 745 4593 ζωῇ
758 4525 843 4581 ταυτῃ
861 4503 1038 4593 ηλιιικότις
1024 4508 1110 4595 eopia
1127 4504 1159 4561 ἐν
1174 4511 1292 4596 Χριστῷ
1306 4509 1403 4585 μόνον,
1422 4509 1477 4570 ἕλε·
1564 4555 1569 4567 ι

120 4576 123 4586 ’
207 4570 341 4662 εινόιεροι
361 4572 474 4629 πάντων
494 4563 658 4660 ἄνθριιπων
676 4573 768 4663 ἐσμέν.
793 4597 818 4631 u
832 4582 872 4632 30.
892 4582 937 4632 32:
960 4580 986 4659 τι
1002 4579 1049 4631 καὶ
1069 4576 1148 4649 ἡμεῖς
1164 4578 1365 4666 sordoniam
1383 4586 1477 4639 πᾶσαν

208 4641 299 4725 ὥραν,·
315 4639 547 4730 --τίμοιιιὶ
545 4643 683 4729 o'rpollor,¹
702 4642 1212 4746 εἰιέιιριιιιίιιιέγιιρονταιΗ
1215 4645 1475 4724 ,φάγωμινκιιί

206 4713 352 4783 πίωμεν,
371 4710 579 4786 αιιριονγὰρ
598 4710 898 4787 αποθνήσκομινὲ*

219 4824 223 4837 Ι

128 4846 249 4912 ’,Δ

245 4880 250 4889 .
