<?xml version="1.0" encoding="UTF-8"?>
<!DOCTYPE html PUBLIC "-//W3C//DTD XHTML 1.0 Transitional//EN"
    "http://www.w3.org/TR/xhtml1/DTD/xhtml1-transitional.dtd">
<html xmlns="http://www.w3.org/1999/xhtml" xml:lang="en" lang="en">
 <head>
  <title>
</title>
<meta http-equiv="Content-Type" content="text/html;charset=utf-8" />
  <meta name='ocr-system' content='tesseract 3.04.00' />
  <meta name='ocr-capabilities' content='ocr_page ocr_carea ocr_par ocr_line ocrx_word'/>
</head>
<body>
  <div class='ocr_page' id='page_1' title='image "./petriapostolide01zezsgoog_0038.png"; bbox 0 0 3210 5228; ppageno 0'>
   <div class='ocr_carea' id='block_1_1' title="bbox 611 299 1455 387">
    <p class='ocr_par' dir='ltr' id='par_1_1' title="bbox 611 299 1455 387">
     <span class='ocr_line' id='line_1_1' title="bbox 611 299 1455 387; baseline -0.001 -31"><span class='ocrx_word' id='word_1_1' title='bbox 611 301 716 357; x_wconf 82' lang='lat' dir='ltr'>lPurn.</span> <span class='ocrx_word' id='word_1_2' title='bbox 732 301 782 367; x_wconf 88' lang='lat' dir='ltr'>lll,</span> <span class='ocrx_word' id='word_1_3' title='bbox 800 300 848 356; x_wconf 80' lang='lat' dir='ltr'>tt.</span> <span class='ocrx_word' id='word_1_4' title='bbox 1334 299 1375 362; x_wconf 75' lang='grc'>29</span> <span class='ocrx_word' id='word_1_5' title='bbox 1452 382 1455 387; x_wconf 25' lang='lat'><strong><em>¹</em></strong></span> 
     </span>
    </p>
   </div>
   <div class='ocr_carea' id='block_1_2' title="bbox 88 465 1378 803">
    <p class='ocr_par' dir='ltr' id='par_1_2' title="bbox 88 465 1378 803">
     <span class='ocr_line' id='line_1_2' title="bbox 93 465 1378 547; baseline 0.003 -21"><span class='ocrx_word' id='word_1_6' title='bbox 93 465 239 527; x_wconf 88' lang='lat' dir='ltr'>absolute</span> <span class='ocrx_word' id='word_1_7' title='bbox 261 468 395 543; x_wconf 90' lang='lat' dir='ltr'>positum</span> <span class='ocrx_word' id='word_1_8' title='bbox 419 465 567 543; x_wconf 76' lang='lat' dir='ltr'>legitnr‚¹</span> <span class='ocrx_word' id='word_1_9' title='bbox 592 472 694 528; x_wconf 91' lang='lat' dir='ltr'>tamen</span> <span class='ocrx_word' id='word_1_10' title='bbox 718 487 756 528; x_wconf 91' lang='lat' dir='ltr'>ne</span> <span class='ocrx_word' id='word_1_11' title='bbox 778 469 828 528; x_wconf 92' lang='lat' dir='ltr'>hic</span> <span class='ocrx_word' id='word_1_12' title='bbox 855 468 980 545; x_wconf 92' lang='lat' dir='ltr'>quidem</span> <span class='ocrx_word' id='word_1_13' title='bbox 1007 469 1096 545; x_wconf 90' lang='lat' dir='ltr'>quale</span> <span class='ocrx_word' id='word_1_14' title='bbox 1120 469 1274 545; x_wconf 82' lang='lat' dir='ltr'>objectum</span> <span class='ocrx_word' id='word_1_15' title='bbox 1297 473 1378 547; x_wconf 79' lang='lat' dir='ltr'>cogi·</span> 
     </span>
     <span class='ocr_line' id='line_1_3' title="bbox 88 551 1376 634; baseline 0.003 -22"><span class='ocrx_word' id='word_1_16' title='bbox 88 555 203 613; x_wconf 82' lang='lat' dir='ltr'>tatium</span> <span class='ocrx_word' id='word_1_17' title='bbox 231 552 364 629; x_wconf 90' lang='lat' dir='ltr'>apostoli</span> <span class='ocrx_word' id='word_1_18' title='bbox 393 553 589 613; x_wconf 88' lang='lat' dir='ltr'>obversatum</span> <span class='ocrx_word' id='word_1_19' title='bbox 618 557 728 626; x_wconf 85' lang='lat' dir='ltr'>fuerit,</span> <span class='ocrx_word' id='word_1_20' title='bbox 758 554 947 633; x_wconf 91' lang='lat' dir='ltr'>praecedens</span> <span class='ocrx_word' id='word_1_21' title='bbox 970 551 1158 634; x_wconf 69' lang='grc' dir='ltr'><em>ἀπειθήσασι</em></span> <span class='ocrx_word' id='word_1_22' title='bbox 1182 557 1212 614; x_wconf 92' lang='lat' dir='ltr'>iu</span> <span class='ocrx_word' id='word_1_23' title='bbox 1234 556 1376 632; x_wconf 80' lang='lat' dir='ltr'>ambiguo</span> 
     </span>
     <span class='ocr_line' id='line_1_4' title="bbox 88 639 1376 717; baseline 0.003 -19"><span class='ocrx_word' id='word_1_24' title='bbox 88 639 248 716; x_wconf 81' lang='lat' dir='ltr'>relinquit.</span> <span class='ocrx_word' id='word_1_25' title='bbox 285 639 430 698; x_wconf 81' lang='lat' dir='ltr'>Consulto</span> <span class='ocrx_word' id='word_1_26' title='bbox 448 657 522 699; x_wconf 90' lang='lat' dir='ltr'>vero</span> <span class='ocrx_word' id='word_1_27' title='bbox 545 642 644 700; x_wconf 85' lang='lat' dir='ltr'>omma</span> <span class='ocrx_word' id='word_1_28' title='bbox 661 644 705 701; x_wconf 91' lang='lat' dir='ltr'>sic</span> <span class='ocrx_word' id='word_1_29' title='bbox 724 641 892 712; x_wconf 87' lang='lat' dir='ltr'>ordinavit,</span> <span class='ocrx_word' id='word_1_30' title='bbox 911 646 945 700; x_wconf 93' lang='lat' dir='ltr'>ut</span> <span class='ocrx_word' id='word_1_31' title='bbox 964 641 1094 717; x_wconf 92' lang='lat' dir='ltr'>subjecti</span> <span class='ocrx_word' id='word_1_32' title='bbox 1110 643 1271 717; x_wconf 86' lang='lat' dir='ltr'>ipsiusque</span> <span class='ocrx_word' id='word_1_33' title='bbox 1288 643 1376 703; x_wconf 92' lang='lat' dir='ltr'>verbi</span> 
     </span>
     <span class='ocr_line' id='line_1_5' title="bbox 90 725 1376 803; baseline 0.002 -18"><span class='ocrx_word' id='word_1_34' title='bbox 90 727 178 786; x_wconf 85' lang='lat' dir='ltr'>notio</span> <span class='ocrx_word' id='word_1_35' title='bbox 199 725 400 801; x_wconf 81' lang='lat' dir='ltr'><strong>praevaleret.</strong></span> <span class='ocrx_word' id='word_1_36' title='bbox 430 725 463 783; x_wconf 92' lang='lat' dir='ltr'>lu</span> <span class='ocrx_word' id='word_1_37' title='bbox 481 727 741 802; x_wconf 88' lang='lat' dir='ltr'>exspectando</span> <span class='ocrx_word' id='word_1_38' title='bbox 758 728 920 803; x_wconf 84' lang='lat' dir='ltr'>conspicua</span> <span class='ocrx_word' id='word_1_39' title='bbox 941 732 1007 788; x_wconf 89' lang='lat' dir='ltr'>erat</span> <span class='ocrx_word' id='word_1_40' title='bbox 1025 726 1185 787; x_wconf 89' lang='lat' dir='ltr'>clementia</span> <span class='ocrx_word' id='word_1_41' title='bbox 1197 727 1299 787; x_wconf 87' lang='lat' dir='ltr'>diviua</span> <span class='ocrx_word' id='word_1_42' title='bbox 1312 729 1376 788; x_wconf 91' lang='lat' dir='ltr'>diu·</span> 
     </span>
    </p>
   </div>
   <div class='ocr_carea' id='block_1_3' title="bbox 93 811 1466 975">
    <p class='ocr_par' dir='ltr' id='par_1_3' title="bbox 93 811 1466 975">
     <span class='ocr_line' id='line_1_6' title="bbox 93 811 1466 890; baseline 0.003 -17"><span class='ocrx_word' id='word_1_43' title='bbox 93 813 213 885; x_wconf 76' lang='lat' dir='ltr'><strong>tissime</strong></span> <span class='ocrx_word' id='word_1_44' title='bbox 234 811 411 888; x_wconf 80' lang='lat' dir='ltr'>indulgens,</span> <span class='ocrx_word' id='word_1_45' title='bbox 437 815 529 888; x_wconf 92' lang='lat' dir='ltr'>atque</span> <span class='ocrx_word' id='word_1_46' title='bbox 552 811 630 872; x_wconf 92' lang='lat' dir='ltr'>hanc</span> <span class='ocrx_word' id='word_1_47' title='bbox 652 815 749 890; x_wconf 84' lang='lat' dir='ltr'><strong>ipsam</strong></span> <span class='ocrx_word' id='word_1_48' title='bbox 768 812 960 873; x_wconf 89' lang='lat' dir='ltr'>clementiam</span> <span class='ocrx_word' id='word_1_49' title='bbox 982 813 1158 890; x_wconf 77' lang='lat' dir='ltr'>defatigavit</span> <span class='ocrx_word' id='word_1_50' title='bbox 1177 817 1308 873; x_wconf 83' lang='lat' dir='ltr'>istorum</span> <span class='ocrx_word' id='word_1_51' title='bbox 1331 817 1374 874; x_wconf 90' lang='lat' dir='ltr'>in·</span> <span class='ocrx_word' id='word_1_52' title='bbox 1463 871 1466 877; x_wconf 93' lang='lat'>.</span> 
     </span>
     <span class='ocr_line' id='line_1_7' title="bbox 97 896 1415 975; baseline 0 -17"><span class='ocrx_word' id='word_1_53' title='bbox 97 896 269 958; x_wconf 87' lang='lat' dir='ltr'>obedientia</span> <span class='ocrx_word' id='word_1_54' title='bbox 292 899 364 974; x_wconf 90' lang='lat' dir='ltr'>quin</span> <span class='ocrx_word' id='word_1_55' title='bbox 380 897 510 973; x_wconf 91' lang='lat' dir='ltr'>amplius</span> <span class='ocrx_word' id='word_1_56' title='bbox 528 905 635 974; x_wconf 82' lang='lat' dir='ltr'>ageret</span> <span class='ocrx_word' id='word_1_57' title='bbox 658 898 857 960; x_wconf 72' lang='lat' dir='ltr'>clementer.²</span> <span class='ocrx_word' id='word_1_58' title='bbox 892 900 1037 975; x_wconf 85' lang='lat' dir='ltr'>Vulgatae</span> <span class='ocrx_word' id='word_1_59' title='bbox 1059 898 1227 959; x_wconf 80' lang='lat' dir='ltr'>inauditam</span> <span class='ocrx_word' id='word_1_60' title='bbox 1245 900 1374 975; x_wconf 89' lang='lat' dir='ltr'>explica·</span> <span class='ocrx_word' id='word_1_61' title='bbox 1409 964 1415 972; x_wconf 51' lang='grc'>,</span> 
     </span>
    </p>
   </div>
   <div class='ocr_carea' id='block_1_4' title="bbox 13 981 1375 3038">
    <p class='ocr_par' dir='ltr' id='par_1_4' title="bbox 90 981 1375 1492">
     <span class='ocr_line' id='line_1_8' title="bbox 96 981 1373 1063; baseline 0.001 -20"><span class='ocrx_word' id='word_1_62' title='bbox 96 984 210 1044; x_wconf 71' lang='lat' dir='ltr'>nonem</span> <span class='ocrx_word' id='word_1_63' title='bbox 234 981 376 1060; x_wconf 86' lang='lat' dir='ltr'>„quaudo</span> <span class='ocrx_word' id='word_1_64' title='bbox 399 983 617 1059; x_wconf 82' lang='lat' dir='ltr'>exspectabant</span> <span class='ocrx_word' id='word_1_65' title='bbox 636 985 691 1044; x_wconf 88' lang='lat' dir='ltr'>Dei</span> <span class='ocrx_word' id='word_1_66' title='bbox 715 987 912 1062; x_wconf 79' lang='lat' dir='ltr'>pattentiam“</span> <span class='ocrx_word' id='word_1_67' title='bbox 938 1003 1028 1062; x_wconf 91' lang='lat' dir='ltr'>quam</span> <span class='ocrx_word' id='word_1_68' title='bbox 1046 988 1236 1063; x_wconf 82' lang='lat' dir='ltr'>Augustinus</span> <span class='ocrx_word' id='word_1_69' title='bbox 1256 987 1321 1062; x_wconf 82' lang='lat' dir='ltr'>(llp.</span> <span class='ocrx_word' id='word_1_70' title='bbox 1337 985 1373 1044; x_wconf 90' lang='lat' dir='ltr'>ad</span> 
     </span>
     <span class='ocr_line' id='line_1_9' title="bbox 95 1068 1372 1148; baseline -0.001 -17"><span class='ocrx_word' id='word_1_71' title='bbox 95 1068 185 1131; x_wconf 77' lang='lat' dir='ltr'>Erod.</span> <span class='ocrx_word' id='word_1_72' title='bbox 203 1069 321 1146; x_wconf 81' lang='lat' dir='ltr'>XCIX),</span> <span class='ocrx_word' id='word_1_73' title='bbox 352 1069 486 1128; x_wconf 82' lang='lat' dir='ltr'>Thomas</span> <span class='ocrx_word' id='word_1_74' title='bbox 509 1071 656 1146; x_wconf 49' lang='lat' dir='ltr'>Aquinas*</span> <span class='ocrx_word' id='word_1_75' title='bbox 668 1071 802 1148; x_wconf 85' lang='lat' dir='ltr'>(Summa</span> <span class='ocrx_word' id='word_1_76' title='bbox 821 1070 886 1142; x_wconf 78' lang='lat' dir='ltr'>Ill,¹</span> <span class='ocrx_word' id='word_1_77' title='bbox 899 1078 1019 1148; x_wconf 91' lang='lat' dir='ltr'>quaest.</span> <span class='ocrx_word' id='word_1_78' title='bbox 1038 1071 1102 1142; x_wconf 92' lang='lat' dir='ltr'>Lll,</span> <span class='ocrx_word' id='word_1_79' title='bbox 1126 1076 1180 1130; x_wconf 90' lang='lat' dir='ltr'>art.</span> <span class='ocrx_word' id='word_1_80' title='bbox 1199 1072 1239 1140; x_wconf 94' lang='lat' dir='ltr'>ll,</span> <span class='ocrx_word' id='word_1_81' title='bbox 1262 1072 1302 1134; x_wconf 81' lang='lat'>30</span> <span class='ocrx_word' id='word_1_82' title='bbox 1326 1071 1372 1132; x_wconf 91' lang='lat' dir='ltr'>ed.</span> 
     </span>
     <span class='ocr_line' id='line_1_10' title="bbox 94 1154 1375 1235; baseline 0.002 -19"><span class='ocrx_word' id='word_1_83' title='bbox 94 1154 229 1232; x_wconf 84' lang='lat' dir='ltr'>Gajetau.</span> <span class='ocrx_word' id='word_1_84' title='bbox 247 1173 274 1232; x_wconf 87' lang='lat' dir='ltr'>p.</span> <span class='ocrx_word' id='word_1_85' title='bbox 288 1156 375 1228; x_wconf 79' lang='lat'>244),</span> <span class='ocrx_word' id='word_1_86' title='bbox 399 1154 553 1215; x_wconf 91' lang='lat' dir='ltr'>Lutherus</span> <span class='ocrx_word' id='word_1_87' title='bbox 574 1158 666 1216; x_wconf 90' lang='lat' dir='ltr'>etiam</span> <span class='ocrx_word' id='word_1_88' title='bbox 686 1157 772 1235; x_wconf 84' lang='lat' dir='ltr'>(Opp.</span> <span class='ocrx_word' id='word_1_89' title='bbox 787 1159 825 1218; x_wconf 96' lang='lat' dir='ltr'>Vl</span> <span class='ocrx_word' id='word_1_90' title='bbox 841 1176 868 1234; x_wconf 90' lang='lat' dir='ltr'>p.</span> <span class='ocrx_word' id='word_1_91' title='bbox 885 1157 978 1234; x_wconf 80' lang='lat'><strong>1798)</strong></span> <span class='ocrx_word' id='word_1_92' title='bbox 997 1162 1028 1216; x_wconf 90' lang='lat' dir='ltr'>et</span> <span class='ocrx_word' id='word_1_93' title='bbox 1055 1163 1126 1217; x_wconf 90' lang='lat' dir='ltr'>aute</span> <span class='ocrx_word' id='word_1_94' title='bbox 1149 1173 1218 1216; x_wconf 92' lang='lat' dir='ltr'>eum</span> <span class='ocrx_word' id='word_1_95' title='bbox 1236 1158 1375 1235; x_wconf 85' lang='lat' dir='ltr'>plerique</span> 
     </span>
     <span class='ocr_line' id='line_1_11' title="bbox 92 1242 1374 1310; baseline 0.001 -8"><span class='ocrx_word' id='word_1_96' title='bbox 92 1242 193 1302; x_wconf 89' lang='lat' dir='ltr'>secuti</span> <span class='ocrx_word' id='word_1_97' title='bbox 215 1246 295 1310; x_wconf 87' lang='lat' dir='ltr'>sunt,</span> <span class='ocrx_word' id='word_1_98' title='bbox 321 1258 579 1302; x_wconf 84' lang='lat' dir='ltr'>commemorasse</span> <span class='ocrx_word' id='word_1_99' title='bbox 599 1244 740 1304; x_wconf 82' lang='lat' dir='ltr'>sufficIet.</span> <span class='ocrx_word' id='word_1_100' title='bbox 772 1244 861 1303; x_wconf 84' lang='lat' dir='ltr'><strong>Certe</strong></span> <span class='ocrx_word' id='word_1_101' title='bbox 876 1260 937 1303; x_wconf 92' lang='lat' dir='ltr'>uon</span> <span class='ocrx_word' id='word_1_102' title='bbox 957 1243 1030 1303; x_wconf 91' lang='lat' dir='ltr'>licet</span> <span class='ocrx_word' id='word_1_103' title='bbox 1046 1261 1082 1302; x_wconf 90' lang='lat' dir='ltr'>ex</span> <span class='ocrx_word' id='word_1_104' title='bbox 1098 1242 1374 1304; x_wconf 82' lang='lat' dir='ltr'>Lutheriauctori·</span> 
     </span>
     <span class='ocr_line' id='line_1_12' title="bbox 91 1326 1374 1407; baseline 0.002 -21"><span class='ocrx_word' id='word_1_105' title='bbox 91 1332 156 1387; x_wconf 82' lang='lat' dir='ltr'>tate</span> <span class='ocrx_word' id='word_1_106' title='bbox 170 1326 312 1404; x_wconf 82' lang='lat' dir='ltr'>judIcare</span> <span class='ocrx_word' id='word_1_107' title='bbox 330 1329 629 1404; x_wconf 80' lang='lat' dir='ltr'>interpretationem,</span> <span class='ocrx_word' id='word_1_108' title='bbox 651 1347 745 1406; x_wconf 89' lang='lat' dir='ltr'>quum</span> <span class='ocrx_word' id='word_1_109' title='bbox 765 1347 844 1407; x_wconf 91' lang='lat' dir='ltr'>quae</span> <span class='ocrx_word' id='word_1_110' title='bbox 863 1332 1078 1406; x_wconf 89' lang='lat' dir='ltr'>interpreteris</span> <span class='ocrx_word' id='word_1_111' title='bbox 1091 1330 1180 1389; x_wconf 88' lang='lat' dir='ltr'>aliter</span> <span class='ocrx_word' id='word_1_112' title='bbox 1196 1346 1326 1405; x_wconf 86' lang='lat' dir='ltr'>prorsus</span> <span class='ocrx_word' id='word_1_113' title='bbox 1340 1347 1374 1389; x_wconf 91' lang='lat' dir='ltr'>se</span> 
     </span>
     <span class='ocr_line' id='line_1_13' title="bbox 90 1412 997 1492; baseline 0.001 -19"><span class='ocrx_word' id='word_1_114' title='bbox 90 1412 227 1474; x_wconf 79' lang='lat' dir='ltr'>habeant</span> <span class='ocrx_word' id='word_1_115' title='bbox 251 1419 343 1490; x_wconf 90' lang='lat' dir='ltr'>atquc</span> <span class='ocrx_word' id='word_1_116' title='bbox 368 1431 446 1490; x_wconf 90' lang='lat' dir='ltr'>quae</span> <span class='ocrx_word' id='word_1_117' title='bbox 469 1414 511 1473; x_wconf 89' lang='lat' dir='ltr'>illi</span> <span class='ocrx_word' id='word_1_118' title='bbox 535 1421 605 1475; x_wconf 91' lang='lat' dir='ltr'>autc</span> <span class='ocrx_word' id='word_1_119' title='bbox 629 1417 735 1476; x_wconf 91' lang='lat' dir='ltr'>oculos</span> <span class='ocrx_word' id='word_1_120' title='bbox 759 1420 881 1492; x_wconf 74' lang='lat' dir='ltr'>versata</span> <span class='ocrx_word' id='word_1_121' title='bbox 904 1415 997 1476; x_wconf 80' lang='lat' dir='ltr'>siut³</span> 
     </span>
    </p>

    <p class='ocr_par' dir='ltr' id='par_1_5' title="bbox 13 1494 1373 3038">
     <span class='ocr_line' id='line_1_14' title="bbox 178 1494 1372 1578; baseline 0.003 -20"><span class='ocrx_word' id='word_1_122' title='bbox 178 1498 261 1572; x_wconf 78' lang='lat' dir='ltr'>Quae</span> <span class='ocrx_word' id='word_1_123' title='bbox 285 1498 490 1575; x_wconf 67' lang='lat' dir='ltr'>adjunguntur</span> <span class='ocrx_word' id='word_1_124' title='bbox 513 1498 544 1559; x_wconf 80' lang='grc' dir='ltr'>ἐν</span> <span class='ocrx_word' id='word_1_125' title='bbox 567 1494 694 1578; x_wconf 68' lang='grc' dir='ltr'><em>ἡμέραις</em></span> <span class='ocrx_word' id='word_1_126' title='bbox 713 1503 800 1574; x_wconf 74' lang='grc' dir='ltr'>Νῶε,</span> <span class='ocrx_word' id='word_1_127' title='bbox 828 1507 894 1562; x_wconf 90' lang='lat' dir='ltr'>erat</span> <span class='ocrx_word' id='word_1_128' title='bbox 913 1500 1034 1578; x_wconf 91' lang='lat' dir='ltr'>quidem</span> <span class='ocrx_word' id='word_1_129' title='bbox 1056 1500 1192 1568; x_wconf 85' lang='lat' dir='ltr'>solennis</span> <span class='ocrx_word' id='word_1_130' title='bbox 1209 1501 1274 1560; x_wconf 82' lang='lat' dir='ltr'>fere</span> <span class='ocrx_word' id='word_1_131' title='bbox 1291 1502 1372 1562; x_wconf 82' lang='lat' dir='ltr'>illIus</span> 
     </span>
     <span class='ocr_line' id='line_1_15' title="bbox 13 1585 1373 1663; baseline 0.002 -18"><span class='ocrx_word' id='word_1_132' title='bbox 13 1616 17 1625; x_wconf 92' lang='lat'>·</span> <span class='ocrx_word' id='word_1_133' title='bbox 89 1586 160 1646; x_wconf 87' lang='lat' dir='ltr'>aevi</span> <span class='ocrx_word' id='word_1_134' title='bbox 180 1585 344 1662; x_wconf 84' lang='lat' dir='ltr'>appellatio</span> <span class='ocrx_word' id='word_1_135' title='bbox 359 1586 409 1661; x_wconf 85' lang='lat' dir='ltr'>(cf.</span> <span class='ocrx_word' id='word_1_136' title='bbox 429 1587 516 1645; x_wconf 86' lang='lat' dir='ltr'>Mtth.</span> <span class='ocrx_word' id='word_1_137' title='bbox 537 1587 638 1659; x_wconf 84' lang='lat' dir='ltr'>XXIV,</span> <span class='ocrx_word' id='word_1_138' title='bbox 658 1588 707 1650; x_wconf 87' lang='grc'>38.</span> <span class='ocrx_word' id='word_1_139' title='bbox 730 1588 802 1648; x_wconf 90' lang='lat' dir='ltr'>Luc.</span> <span class='ocrx_word' id='word_1_140' title='bbox 816 1588 909 1657; x_wconf 87' lang='lat' dir='ltr'>XVII,</span> <span class='ocrx_word' id='word_1_141' title='bbox 927 1588 974 1649; x_wconf 79' lang='lat'>26.</span> <span class='ocrx_word' id='word_1_142' title='bbox 999 1588 1065 1647; x_wconf 84' lang='lat' dir='ltr'>Jes.</span> <span class='ocrx_word' id='word_1_143' title='bbox 1078 1585 1151 1656; x_wconf 86' lang='lat' dir='ltr'>LIV,</span> <span class='ocrx_word' id='word_1_144' title='bbox 1170 1586 1219 1663; x_wconf 80' lang='lat'>9);</span> <span class='ocrx_word' id='word_1_145' title='bbox 1242 1587 1297 1647; x_wconf 91' lang='lat' dir='ltr'>sed</span> <span class='ocrx_word' id='word_1_146' title='bbox 1314 1588 1373 1648; x_wconf 89' lang='lat' dir='ltr'>hoc</span> 
     </span>
     <span class='ocr_line' id='line_1_16' title="bbox 90 1669 1373 1755; baseline 0.002 -24"><span class='ocrx_word' id='word_1_147' title='bbox 90 1671 160 1733; x_wconf 90' lang='lat' dir='ltr'>loco</span> <span class='ocrx_word' id='word_1_148' title='bbox 191 1672 299 1732; x_wconf 88' lang='lat' dir='ltr'>merito</span> <span class='ocrx_word' id='word_1_149' title='bbox 329 1669 589 1755; x_wconf 84' lang='lat' dir='ltr'>quaesiverimus,</span> <span class='ocrx_word' id='word_1_150' title='bbox 619 1690 730 1733; x_wconf 92' lang='lat' dir='ltr'>nomeu</span> <span class='ocrx_word' id='word_1_151' title='bbox 759 1691 819 1750; x_wconf 92' lang='lat' dir='ltr'>quo</span> <span class='ocrx_word' id='word_1_152' title='bbox 848 1680 970 1749; x_wconf 91' lang='lat' dir='ltr'>tempus</span> <span class='ocrx_word' id='word_1_153' title='bbox 997 1670 1069 1732; x_wconf 91' lang='lat' dir='ltr'>illud</span> <span class='ocrx_word' id='word_1_154' title='bbox 1097 1674 1263 1749; x_wconf 84' lang='lat' dir='ltr'>insignitur</span> <span class='ocrx_word' id='word_1_155' title='bbox 1293 1675 1373 1739; x_wconf 87' lang='lat' dir='ltr'>sitne</span> 
     </span>
     <span class='ocr_line' id='line_1_17' title="bbox 91 1756 1373 1838; baseline 0.002 -20"><span class='ocrx_word' id='word_1_156' title='bbox 91 1760 195 1834; x_wconf 89' lang='lat' dir='ltr'>ipsum</span> <span class='ocrx_word' id='word_1_157' title='bbox 218 1759 307 1834; x_wconf 91' lang='lat' dir='ltr'>quasi</span> <span class='ocrx_word' id='word_1_158' title='bbox 330 1756 482 1834; x_wconf 87' lang='lat' dir='ltr'>quoddam</span> <span class='ocrx_word' id='word_1_159' title='bbox 506 1760 717 1818; x_wconf 90' lang='lat' dir='ltr'>testimouium</span> <span class='ocrx_word' id='word_1_160' title='bbox 735 1761 913 1820; x_wconf 86' lang='lat' dir='ltr'>clementiae</span> <span class='ocrx_word' id='word_1_161' title='bbox 932 1759 1051 1818; x_wconf 89' lang='lat' dir='ltr'>divinae</span> <span class='ocrx_word' id='word_1_162' title='bbox 1070 1757 1106 1817; x_wconf 93' lang='lat' dir='ltr'>de</span> <span class='ocrx_word' id='word_1_163' title='bbox 1125 1759 1303 1835; x_wconf 88' lang='lat' dir='ltr'>aequalibus</span> <span class='ocrx_word' id='word_1_164' title='bbox 1320 1778 1373 1838; x_wconf 92' lang='lat' dir='ltr'>op-</span> 
     </span>
     <span class='ocr_line' id='line_1_18' title="bbox 90 1843 1373 1913; baseline 0.002 -9"><span class='ocrx_word' id='word_1_165' title='bbox 90 1845 165 1904; x_wconf 89' lang='lat' dir='ltr'>time</span> <span class='ocrx_word' id='word_1_166' title='bbox 189 1845 325 1902; x_wconf 88' lang='lat' dir='ltr'>meritae.</span> <span class='ocrx_word' id='word_1_167' title='bbox 369 1843 436 1902; x_wconf 86' lang='lat' dir='ltr'>Fuit</span> <span class='ocrx_word' id='word_1_168' title='bbox 460 1850 560 1905; x_wconf 92' lang='lat' dir='ltr'>autem</span> <span class='ocrx_word' id='word_1_169' title='bbox 583 1844 727 1913; x_wconf 89' lang='lat' dir='ltr'>Noachus</span> <span class='ocrx_word' id='word_1_170' title='bbox 751 1845 1026 1906; x_wconf 90' lang='lat' dir='ltr'>luculentissimum</span> <span class='ocrx_word' id='word_1_171' title='bbox 1050 1843 1230 1905; x_wconf 87' lang='lat' dir='ltr'>clementiae</span> <span class='ocrx_word' id='word_1_172' title='bbox 1254 1845 1373 1908; x_wconf 88' lang='lat' dir='ltr'>divinae</span> 
     </span>
     <span class='ocr_line' id='line_1_19' title="bbox 92 1930 1372 2009; baseline 0.002 -19"><span class='ocrx_word' id='word_1_173' title='bbox 92 1931 302 1990; x_wconf 86' lang='lat' dir='ltr'>testimouium</span> <span class='ocrx_word' id='word_1_174' title='bbox 332 1946 392 1989; x_wconf 91' lang='lat' dir='ltr'>uon</span> <span class='ocrx_word' id='word_1_175' title='bbox 420 1935 547 2006; x_wconf 89' lang='lat' dir='ltr'>propter</span> <span class='ocrx_word' id='word_1_176' title='bbox 574 1947 663 1990; x_wconf 92' lang='lat' dir='ltr'>arcae</span> <span class='ocrx_word' id='word_1_177' title='bbox 693 1932 790 1991; x_wconf 91' lang='lat' dir='ltr'>solum</span> <span class='ocrx_word' id='word_1_178' title='bbox 816 1933 1056 1992; x_wconf 88' lang='lat' dir='ltr'>exstructionem</span> <span class='ocrx_word' id='word_1_179' title='bbox 1079 1947 1157 2006; x_wconf 91' lang='lat' dir='ltr'>quae</span> <span class='ocrx_word' id='word_1_180' title='bbox 1180 1930 1251 1990; x_wconf 89' lang='lat' dir='ltr'>fidei</span> <span class='ocrx_word' id='word_1_181' title='bbox 1273 1933 1372 2009; x_wconf 86' lang='lat' dir='ltr'>ipsius</span> 
     </span>
     <span class='ocr_line' id='line_1_20' title="bbox 92 2014 1371 2095; baseline 0.002 -20"><span class='ocrx_word' id='word_1_182' title='bbox 92 2014 262 2077; x_wconf 89' lang='lat' dir='ltr'>debebatur</span> <span class='ocrx_word' id='word_1_183' title='bbox 283 2015 389 2092; x_wconf 85' lang='lat' dir='ltr'>(Hebr.</span> <span class='ocrx_word' id='word_1_184' title='bbox 403 2015 456 2086; x_wconf 93' lang='lat' dir='ltr'>XI,</span> <span class='ocrx_word' id='word_1_185' title='bbox 475 2018 502 2079; x_wconf 84' lang='lat'>7.</span> <span class='ocrx_word' id='word_1_186' title='bbox 527 2016 585 2076; x_wconf 87' lang='lat' dir='ltr'>Sir.</span> <span class='ocrx_word' id='word_1_187' title='bbox 598 2016 697 2088; x_wconf 85' lang='lat' dir='ltr'>XLIV,</span> <span class='ocrx_word' id='word_1_188' title='bbox 714 2020 750 2079; x_wconf 80' lang='lat'>17</span> <span class='ocrx_word' id='word_1_189' title='bbox 765 2018 867 2095; x_wconf 76' lang='lat' dir='ltr'>sq.4),</span> <span class='ocrx_word' id='word_1_190' title='bbox 893 2017 947 2078; x_wconf 92' lang='lat' dir='ltr'>sed</span> <span class='ocrx_word' id='word_1_191' title='bbox 971 2019 1067 2093; x_wconf 81' lang='lat' dir='ltr'>magis</span> <span class='ocrx_word' id='word_1_192' title='bbox 1091 2017 1183 2076; x_wconf 89' lang='lat' dir='ltr'>etiam</span> <span class='ocrx_word' id='word_1_193' title='bbox 1206 2024 1371 2094; x_wconf 87' lang='lat' dir='ltr'>propterea</span> 
     </span>
     <span class='ocr_line' id='line_1_21' title="bbox 93 2099 1373 2180; baseline 0.002 -19"><span class='ocrx_word' id='word_1_194' title='bbox 93 2102 173 2180; x_wconf 93' lang='lat' dir='ltr'>quod</span> <span class='ocrx_word' id='word_1_195' title='bbox 197 2103 270 2177; x_wconf 39' lang='lat' dir='ltr'>‘Ipse</span> <span class='ocrx_word' id='word_1_196' title='bbox 302 2102 480 2161; x_wconf 86' lang='lat' dir='ltr'>clementiae</span> <span class='ocrx_word' id='word_1_197' title='bbox 504 2107 535 2162; x_wconf 91' lang='lat' dir='ltr'>ct</span> <span class='ocrx_word' id='word_1_198' title='bbox 557 2104 621 2161; x_wconf 80' lang='lat' dir='ltr'>Irae</span> <span class='ocrx_word' id='word_1_199' title='bbox 645 2102 764 2164; x_wconf 90' lang='lat' dir='ltr'>diviuae</span> <span class='ocrx_word' id='word_1_200' title='bbox 788 2120 900 2180; x_wconf 89' lang='lat' dir='ltr'>praeco</span> <span class='ocrx_word' id='word_1_201' title='bbox 923 2105 1038 2174; x_wconf 85' lang='lat' dir='ltr'>luerat,</span> <span class='ocrx_word' id='word_1_202' title='bbox 1070 2099 1166 2180; x_wconf 68' lang='grc' dir='ltr'><em>κῆρυξ</em></span> <span class='ocrx_word' id='word_1_203' title='bbox 1187 2103 1237 2163; x_wconf 92' lang='lat' dir='ltr'>ille</span> <span class='ocrx_word' id='word_1_204' title='bbox 1260 2103 1373 2163; x_wconf 71' lang='lat' dir='ltr'>dauero-</span> 
     </span>
     <span class='ocr_line' id='line_1_22' title="bbox 92 2181 1371 2266; baseline 0.002 -19"><span class='ocrx_word' id='word_1_205' title='bbox 92 2181 204 2264; x_wconf 76' lang='grc' dir='ltr'><em>σῦνης,</em></span> <span class='ocrx_word' id='word_1_206' title='bbox 236 2205 296 2264; x_wconf 92' lang='lat' dir='ltr'>quo</span> <span class='ocrx_word' id='word_1_207' title='bbox 328 2190 450 2246; x_wconf 91' lang='lat' dir='ltr'>nomine</span> <span class='ocrx_word' id='word_1_208' title='bbox 481 2188 518 2246; x_wconf 93' lang='lat' dir='ltr'>ab</span> <span class='ocrx_word' id='word_1_209' title='bbox 550 2195 675 2249; x_wconf 90' lang='lat' dir='ltr'>auctore</span> <span class='ocrx_word' id='word_1_210' title='bbox 707 2197 815 2250; x_wconf 86' lang='lat' dir='ltr'>nostro</span> <span class='ocrx_word' id='word_1_211' title='bbox 845 2191 919 2251; x_wconf 90' lang='lat' dir='ltr'>alias</span> <span class='ocrx_word' id='word_1_212' title='bbox 948 2188 1089 2249; x_wconf 91' lang='lat' dir='ltr'>laudatur</span> <span class='ocrx_word' id='word_1_213' title='bbox 1118 2187 1371 2266; x_wconf 82' lang='lat' dir='ltr'>(2Petr.11‚5).</span> 
     </span>
     <span class='ocr_line' id='line_1_23' title="bbox 91 2264 1372 2353; baseline 0.002 -21"><span class='ocrx_word' id='word_1_214' title='bbox 91 2273 176 2347; x_wconf 78' lang='lat' dir='ltr'>Quod</span> <span class='ocrx_word' id='word_1_215' title='bbox 195 2280 229 2333; x_wconf 93' lang='lat' dir='ltr'>ut</span> <span class='ocrx_word' id='word_1_216' title='bbox 245 2274 357 2333; x_wconf 91' lang='lat' dir='ltr'>clarius</span> <span class='ocrx_word' id='word_1_217' title='bbox 375 2275 465 2332; x_wconf 87' lang='lat' dir='ltr'>etiam</span> <span class='ocrx_word' id='word_1_218' title='bbox 479 2281 624 2351; x_wconf 87' lang='lat' dir='ltr'>appareat</span> <span class='ocrx_word' id='word_1_219' title='bbox 641 2276 870 2353; x_wconf 80' lang='lat' dir='ltr'>subjunguntur</span> <span class='ocrx_word' id='word_1_220' title='bbox 882 2277 1008 2353; x_wconf 86' lang='lat' dir='ltr'>genitivi</span> <span class='ocrx_word' id='word_1_221' title='bbox 1024 2264 1171 2334; x_wconf 86' lang='lat' dir='ltr'>absoluti:</span> <span class='ocrx_word' id='word_1_222' title='bbox 1192 2296 1372 2335; x_wconf 77' lang='grc' dir='ltr'><em>κατασκευα-</em></span> 
     </span>
     <span class='ocr_line' id='line_1_24' title="bbox 92 2357 1373 2438; baseline 0.004 -21"><span class='ocrx_word' id='word_1_223' title='bbox 92 2357 219 2435; x_wconf 76' lang='grc' dir='ltr'>ζομένης</span> <span class='ocrx_word' id='word_1_224' title='bbox 249 2361 398 2431; x_wconf 73' lang='grc' dir='ltr'><em>κιβωτοῦ,</em></span> <span class='ocrx_word' id='word_1_225' title='bbox 431 2361 542 2435; x_wconf 91' lang='lat' dir='ltr'>quibus</span> <span class='ocrx_word' id='word_1_226' title='bbox 574 2362 733 2438; x_wconf 91' lang='lat' dir='ltr'>aptissime</span> <span class='ocrx_word' id='word_1_227' title='bbox 765 2363 935 2423; x_wconf 84' lang='lat' dir='ltr'>absolvitur</span> <span class='ocrx_word' id='word_1_228' title='bbox 963 2358 1183 2422; x_wconf 86' lang='lat' dir='ltr'>incredulitatis</span> <span class='ocrx_word' id='word_1_229' title='bbox 1213 2362 1293 2423; x_wconf 91' lang='lat' dir='ltr'>illius</span> <span class='ocrx_word' id='word_1_230' title='bbox 1323 2362 1373 2422; x_wconf 77' lang='lat' dir='ltr'>de</span> 
     </span>
     <span class='ocr_line' id='line_1_25' title="bbox 91 2444 1373 2522; baseline 0.004 -18"><span class='ocrx_word' id='word_1_231' title='bbox 91 2446 227 2522; x_wconf 91' lang='lat' dir='ltr'>scriptio.</span> <span class='ocrx_word' id='word_1_232' title='bbox 273 2446 306 2504; x_wconf 91' lang='lat' dir='ltr'>Iu</span> <span class='ocrx_word' id='word_1_233' title='bbox 335 2462 403 2504; x_wconf 89' lang='lat' dir='ltr'>arca</span> <span class='ocrx_word' id='word_1_234' title='bbox 435 2447 620 2506; x_wconf 89' lang='lat' dir='ltr'>exstruenda</span> <span class='ocrx_word' id='word_1_235' title='bbox 650 2451 778 2508; x_wconf 88' lang='lat' dir='ltr'>maxime</span> <span class='ocrx_word' id='word_1_236' title='bbox 801 2449 879 2509; x_wconf 89' lang='lat' dir='ltr'>fides</span> <span class='ocrx_word' id='word_1_237' title='bbox 903 2453 934 2508; x_wconf 90' lang='lat' dir='ltr'>et</span> <span class='ocrx_word' id='word_1_238' title='bbox 957 2448 1130 2508; x_wconf 83' lang='lat' dir='ltr'>obedientIa</span> <span class='ocrx_word' id='word_1_239' title='bbox 1153 2444 1268 2508; x_wconf 90' lang='lat' dir='ltr'>Noachi</span> <span class='ocrx_word' id='word_1_240' title='bbox 1291 2465 1373 2509; x_wconf 87' lang='lat' dir='ltr'>oom-</span> 
     </span>
     <span class='ocr_line' id='line_1_26' title="bbox 91 2530 1372 2610; baseline 0.004 -21"><span class='ocrx_word' id='word_1_241' title='bbox 91 2531 237 2608; x_wconf 90' lang='lat' dir='ltr'>probatae</span> <span class='ocrx_word' id='word_1_242' title='bbox 262 2538 348 2603; x_wconf 91' lang='lat' dir='ltr'>sunt,</span> <span class='ocrx_word' id='word_1_243' title='bbox 373 2535 530 2592; x_wconf 90' lang='lat' dir='ltr'>convictae</span> <span class='ocrx_word' id='word_1_244' title='bbox 554 2534 742 2610; x_wconf 89' lang='lat' dir='ltr'>reliquorum</span> <span class='ocrx_word' id='word_1_245' title='bbox 766 2533 930 2594; x_wconf 83' lang='lat' dir='ltr'>infidelitas</span> <span class='ocrx_word' id='word_1_246' title='bbox 955 2541 985 2595; x_wconf 92' lang='lat' dir='ltr'>et</span> <span class='ocrx_word' id='word_1_247' title='bbox 1006 2530 1242 2604; x_wconf 82' lang='lat' dir='ltr'>inobedientia⁶‚</span> <span class='ocrx_word' id='word_1_248' title='bbox 1266 2540 1372 2610; x_wconf 89' lang='lat' dir='ltr'>parata</span> 
     </span>
     <span class='ocr_line' id='line_1_27' title="bbox 92 2617 1372 2697; baseline 0.003 -21"><span class='ocrx_word' id='word_1_249' title='bbox 92 2617 222 2693; x_wconf 89' lang='lat' dir='ltr'>denique</span> <span class='ocrx_word' id='word_1_250' title='bbox 251 2617 394 2676; x_wconf 92' lang='lat' dir='ltr'>omuibus</span> <span class='ocrx_word' id='word_1_251' title='bbox 419 2618 480 2677; x_wconf 63' lang='lat' dir='ltr'>‘Dei</span> <span class='ocrx_word' id='word_1_252' title='bbox 509 2618 668 2678; x_wconf 90' lang='lat' dir='ltr'>clementia</span> <span class='ocrx_word' id='word_1_253' title='bbox 697 2637 731 2680; x_wconf 93' lang='lat' dir='ltr'>re</span> <span class='ocrx_word' id='word_1_254' title='bbox 754 2623 821 2697; x_wconf 93' lang='lat' dir='ltr'>ipsa</span> <span class='ocrx_word' id='word_1_255' title='bbox 845 2626 915 2680; x_wconf 91' lang='lat' dir='ltr'>aute</span> <span class='ocrx_word' id='word_1_256' title='bbox 939 2621 1044 2680; x_wconf 91' lang='lat' dir='ltr'>oculos</span> <span class='ocrx_word' id='word_1_257' title='bbox 1066 2619 1184 2696; x_wconf 91' lang='lat' dir='ltr'>posita;</span> <span class='ocrx_word' id='word_1_258' title='bbox 1215 2625 1372 2680; x_wconf 89' lang='lat' dir='ltr'>exstructa</span> 
     </span>
     <span class='ocr_line' id='line_1_28' title="bbox 91 2702 1372 2783; baseline 0.003 -21"><span class='ocrx_word' id='word_1_259' title='bbox 91 2702 212 2763; x_wconf 90' lang='lat' dir='ltr'>demum</span> <span class='ocrx_word' id='word_1_260' title='bbox 237 2702 422 2769; x_wconf 69' lang='lat' dir='ltr'>clementiae¹</span> <span class='ocrx_word' id='word_1_261' title='bbox 439 2704 529 2763; x_wconf 90' lang='lat' dir='ltr'>simul</span> <span class='ocrx_word' id='word_1_262' title='bbox 553 2705 652 2764; x_wconf 88' lang='lat' dir='ltr'>factus</span> <span class='ocrx_word' id='word_1_263' title='bbox 676 2711 725 2765; x_wconf 91' lang='lat' dir='ltr'>est</span> <span class='ocrx_word' id='word_1_264' title='bbox 747 2708 826 2766; x_wconf 90' lang='lat' dir='ltr'>finis.</span> <span class='ocrx_word' id='word_1_265' title='bbox 864 2706 1021 2783; x_wconf 77' lang='lat' dir='ltr'>Quotquot</span> <span class='ocrx_word' id='word_1_266' title='bbox 1050 2705 1086 2765; x_wconf 90' lang='lat' dir='ltr'>ad</span> <span class='ocrx_word' id='word_1_267' title='bbox 1117 2703 1171 2762; x_wconf 85' lang='lat' dir='ltr'>Dei</span> <span class='ocrx_word' id='word_1_268' title='bbox 1199 2708 1372 2767; x_wconf 81' lang='lat' dir='ltr'>miserIcor-</span> 
     </span>
     <span class='ocr_line' id='line_1_29' title="bbox 90 2788 1372 2866; baseline 0.003 -18"><span class='ocrx_word' id='word_1_269' title='bbox 90 2788 170 2848; x_wconf 91' lang='lat' dir='ltr'>diam</span> <span class='ocrx_word' id='word_1_270' title='bbox 193 2806 265 2849; x_wconf 88' lang='lat' dir='ltr'>sese</span> <span class='ocrx_word' id='word_1_271' title='bbox 288 2790 528 2858; x_wconf 86' lang='lat' dir='ltr'>convertissent,</span> <span class='ocrx_word' id='word_1_272' title='bbox 560 2790 634 2850; x_wconf 90' lang='lat' dir='ltr'>salvi</span> <span class='ocrx_word' id='word_1_273' title='bbox 658 2797 746 2850; x_wconf 92' lang='lat' dir='ltr'>erant</span> <span class='ocrx_word' id='word_1_274' title='bbox 768 2793 939 2866; x_wconf 83' lang='lat' dir='ltr'>praestiti.⁶</span> <span class='ocrx_word' id='word_1_275' title='bbox 985 2792 1045 2852; x_wconf 87' lang='lat' dir='ltr'>Sed</span> <span class='ocrx_word' id='word_1_276' title='bbox 1073 2791 1161 2866; x_wconf 91' lang='lat' dir='ltr'>pauci</span> <span class='ocrx_word' id='word_1_277' title='bbox 1189 2790 1372 2852; x_wconf 88' lang='lat' dir='ltr'>studuerunt</span> 
     </span>
     <span class='ocr_line' id='line_1_30' title="bbox 89 2871 1371 2954; baseline 0.002 -20"><span class='ocrx_word' id='word_1_278' title='bbox 89 2877 121 2934; x_wconf 91' lang='lat' dir='ltr'>iu</span> <span class='ocrx_word' id='word_1_279' title='bbox 144 2880 243 2934; x_wconf 91' lang='lat' dir='ltr'>tutum</span> <span class='ocrx_word' id='word_1_280' title='bbox 266 2893 301 2935; x_wconf 93' lang='lat' dir='ltr'>se</span> <span class='ocrx_word' id='word_1_281' title='bbox 324 2876 463 2951; x_wconf 91' lang='lat' dir='ltr'>recipere</span> <span class='ocrx_word' id='word_1_282' title='bbox 486 2875 539 2950; x_wconf 74' lang='grc' dir='ltr'>(εἰς</span> <span class='ocrx_word' id='word_1_283' title='bbox 557 2871 595 2954; x_wconf 70' lang='grc' dir='ltr'>ἢν</span> <span class='ocrx_word' id='word_1_284' title='bbox 614 2872 707 2953; x_wconf 72' lang='grc' dir='ltr'><em>ὀλίγοι</em></span> <span class='ocrx_word' id='word_1_285' title='bbox 727 2910 767 2920; x_wconf 92' lang='lat'>--</span> <span class='ocrx_word' id='word_1_286' title='bbox 785 2873 1009 2954; x_wconf 47' lang='lat' dir='ltr'>attestamur„</span> <span class='ocrx_word' id='word_1_287' title='bbox 1035 2878 1105 2936; x_wconf 91' lang='lat' dir='ltr'>hinc</span> <span class='ocrx_word' id='word_1_288' title='bbox 1123 2890 1215 2937; x_wconf 86' lang='lat' dir='ltr'>omne</span> <span class='ocrx_word' id='word_1_289' title='bbox 1232 2877 1304 2937; x_wconf 92' lang='lat' dir='ltr'>illud</span> <span class='ocrx_word' id='word_1_290' title='bbox 1320 2895 1371 2954; x_wconf 80' lang='lat' dir='ltr'>ge-</span> 
     </span>
     <span class='ocr_line' id='line_1_31' title="bbox 88 2962 296 3038; baseline -0.01 -18"><span class='ocrx_word' id='word_1_291' title='bbox 88 2977 147 3021; x_wconf 90' lang='lat' dir='ltr'>uus</span> <span class='ocrx_word' id='word_1_292' title='bbox 171 2962 296 3038; x_wconf 83' lang='lat' dir='ltr'>periit.⁷</span> 
     </span>
    </p>
   </div>
   <div class='ocr_carea' id='block_1_5' title="bbox 89 3146 1370 3270">
    <p class='ocr_par' dir='ltr' id='par_1_6' title="bbox 89 3146 1370 3270">
     <span class='ocr_line' id='line_1_32' title="bbox 103 3146 1370 3267; baseline 0.003 -71"><span class='ocrx_word' id='word_1_293' title='bbox 103 3213 120 3266; x_wconf 69' lang='lat' dir='ltr'><strong>d</strong></span> <span class='ocrx_word' id='word_1_294' title='bbox 153 3151 181 3267; x_wconf 84' lang='lat' dir='ltr'>tt.</span> <span class='ocrx_word' id='word_1_295' title='bbox 209 3146 282 3197; x_wconf 87' lang='lat' dir='ltr'>Rom.</span> <span class='ocrx_word' id='word_1_296' title='bbox 304 3147 372 3207; x_wconf 91' lang='lat' dir='ltr'>VIII,</span> <span class='ocrx_word' id='word_1_297' title='bbox 391 3151 437 3208; x_wconf 82' lang='lat'>25,</span> <span class='ocrx_word' id='word_1_298' title='bbox 462 3163 539 3214; x_wconf 91' lang='lat' dir='ltr'>quem</span> <span class='ocrx_word' id='word_1_299' title='bbox 564 3149 651 3200; x_wconf 92' lang='lat' dir='ltr'>locum</span> <span class='ocrx_word' id='word_1_300' title='bbox 670 3148 801 3200; x_wconf 85' lang='lat' dir='ltr'>liutherus</span> <span class='ocrx_word' id='word_1_301' title='bbox 826 3150 851 3198; x_wconf 92' lang='lat' dir='ltr'>in</span> <span class='ocrx_word' id='word_1_302' title='bbox 878 3149 1099 3215; x_wconf 87' lang='lat' dir='ltr'>comparationem</span> <span class='ocrx_word' id='word_1_303' title='bbox 1123 3154 1213 3209; x_wconf 88' lang='lat' dir='ltr'>vocat,</span> <span class='ocrx_word' id='word_1_304' title='bbox 1238 3148 1370 3213; x_wconf 88' lang='lat' dir='ltr'>objectum</span> 
     </span>
     <span class='ocr_line' id='line_1_33' title="bbox 89 3230 170 3270; baseline 0.037 -3"><span class='ocrx_word' id='word_1_305' title='bbox 89 3230 170 3270; x_wconf 82' lang='lat' dir='ltr'>aes.</span> 
     </span>
    </p>
   </div>
   <div class='ocr_carea' id='block_1_6' title="bbox 88 3369 877 3439">
    <p class='ocr_par' dir='ltr' id='par_1_7' title="bbox 88 3369 877 3439">
     <span class='ocr_line' id='line_1_34' title="bbox 88 3369 877 3439; baseline 0.001 -17"><span class='ocrx_word' id='word_1_306' title='bbox 88 3369 204 3438; x_wconf 79' lang='lat' dir='ltr'>Bergel:</span> <span class='ocrx_word' id='word_1_307' title='bbox 224 3373 409 3438; x_wconf 87' lang='lat' dir='ltr'>„exspectabat</span> <span class='ocrx_word' id='word_1_308' title='bbox 427 3372 510 3424; x_wconf 91' lang='lat' dir='ltr'>donec</span> <span class='ocrx_word' id='word_1_309' title='bbox 530 3380 670 3439; x_wconf 88' lang='lat' dir='ltr'>exspectan</span> <span class='ocrx_word' id='word_1_310' title='bbox 690 3374 698 3424; x_wconf 89' lang='lat' dir='ltr'>i</span> <span class='ocrx_word' id='word_1_311' title='bbox 716 3372 776 3424; x_wconf 88' lang='lat' dir='ltr'>finis</span> <span class='ocrx_word' id='word_1_312' title='bbox 796 3375 877 3425; x_wconf 83' lang='lat' dir='ltr'>erat.“</span> 
     </span>
    </p>
   </div>
   <div class='ocr_carea' id='block_1_7' title="bbox 88 3457 1369 3788">
    <p class='ocr_par' dir='ltr' id='par_1_8' title="bbox 88 3457 1369 3788">
     <span class='ocr_line' id='line_1_35' title="bbox 158 3457 1369 3525; baseline 0.001 -15"><span class='ocrx_word' id='word_1_313' title='bbox 158 3459 181 3510; x_wconf 81' lang='lat'>3.</span> <span class='ocrx_word' id='word_1_314' title='bbox 200 3457 349 3523; x_wconf 79' lang='lat' dir='ltr'>Wiesinger</span> <span class='ocrx_word' id='word_1_315' title='bbox 368 3475 391 3524; x_wconf 89' lang='lat' dir='ltr'>p.</span> <span class='ocrx_word' id='word_1_316' title='bbox 409 3462 459 3511; x_wconf 84' lang='lat'>252</span> <span class='ocrx_word' id='word_1_317' title='bbox 474 3474 527 3525; x_wconf 86' lang='lat' dir='ltr'>sq:</span> <span class='ocrx_word' id='word_1_318' title='bbox 546 3458 631 3520; x_wconf 78' lang='lat' dir='ltr'>„Eine</span> <span class='ocrx_word' id='word_1_319' title='bbox 650 3460 760 3511; x_wconf 81' lang='lat' dir='ltr'>Ansiebt</span> <span class='ocrx_word' id='word_1_320' title='bbox 777 3460 853 3520; x_wconf 83' lang='lat' dir='ltr'>aber,</span> <span class='ocrx_word' id='word_1_321' title='bbox 873 3459 919 3509; x_wconf 82' lang='lat' dir='ltr'>der</span> <span class='ocrx_word' id='word_1_322' title='bbox 938 3461 979 3509; x_wconf 80' lang='lat' dir='ltr'>ein</span> <span class='ocrx_word' id='word_1_323' title='bbox 996 3458 1159 3510; x_wconf 79' lang='lat' dir='ltr'>Athanasius</span> <span class='ocrx_word' id='word_1_324' title='bbox 1177 3459 1237 3524; x_wconf 67' lang='grc' dir='ltr'><strong><em>(Ρ),</em></strong></span> <span class='ocrx_word' id='word_1_325' title='bbox 1259 3463 1300 3511; x_wconf 80' lang='lat' dir='ltr'>ein</span> <span class='ocrx_word' id='word_1_326' title='bbox 1319 3460 1369 3512; x_wconf 79' lang='lat' dir='ltr'>Lu·</span> 
     </span>
     <span class='ocr_line' id='line_1_36' title="bbox 90 3526 1368 3594; baseline 0.004 -19"><span class='ocrx_word' id='word_1_327' title='bbox 90 3526 146 3576; x_wconf 84' lang='lat' dir='ltr'>ther</span> <span class='ocrx_word' id='word_1_328' title='bbox 162 3527 217 3576; x_wconf 82' lang='lat' dir='ltr'>uod</span> <span class='ocrx_word' id='word_1_329' title='bbox 236 3526 330 3592; x_wconf 80' lang='lat' dir='ltr'>Benpel</span> <span class='ocrx_word' id='word_1_330' title='bbox 347 3529 475 3594; x_wconf 77' lang='lat' dir='ltr'>zupetbon</span> <span class='ocrx_word' id='word_1_331' title='bbox 493 3531 549 3578; x_wconf 80' lang='lat' dir='ltr'>sein</span> <span class='ocrx_word' id='word_1_332' title='bbox 567 3528 690 3587; x_wconf 62' lang='lat' dir='ltr'>Ionium,</span> <span class='ocrx_word' id='word_1_333' title='bbox 713 3529 801 3592; x_wconf 79' lang='lat' dir='ltr'>datrsIe</span> <span class='ocrx_word' id='word_1_334' title='bbox 818 3529 882 3579; x_wconf 82' lang='lat' dir='ltr'>doch</span> <span class='ocrx_word' id='word_1_335' title='bbox 900 3526 967 3578; x_wconf 80' lang='lat' dir='ltr'>wohl</span> <span class='ocrx_word' id='word_1_336' title='bbox 984 3528 1039 3579; x_wconf 85' lang='lat' dir='ltr'>dem</span> <span class='ocrx_word' id='word_1_337' title='bbox 1058 3528 1224 3579; x_wconf 80' lang='lat' dir='ltr'>christlicben</span> <span class='ocrx_word' id='word_1_338' title='bbox 1243 3528 1368 3580; x_wconf 79' lang='lat' dir='ltr'>Bewusst·</span> 
     </span>
     <span class='ocr_line' id='line_1_37' title="bbox 89 3595 1368 3661; baseline 0.002 -17"><span class='ocrx_word' id='word_1_339' title='bbox 89 3597 145 3645; x_wconf 78' lang='lat' dir='ltr'>sein</span> <span class='ocrx_word' id='word_1_340' title='bbox 162 3595 234 3644; x_wconf 83' lang='lat' dir='ltr'>nicht</span> <span class='ocrx_word' id='word_1_341' title='bbox 253 3605 376 3661; x_wconf 75' lang='lat' dir='ltr'>entpepen</span> <span class='ocrx_word' id='word_1_342' title='bbox 394 3599 477 3647; x_wconf 77' lang='lat' dir='ltr'>sein.“</span> <span class='ocrx_word' id='word_1_343' title='bbox 505 3597 639 3647; x_wconf 82' lang='lat' dir='ltr'>Athanasii</span> <span class='ocrx_word' id='word_1_344' title='bbox 660 3595 691 3646; x_wconf 91' lang='lat' dir='ltr'>de</span> <span class='ocrx_word' id='word_1_345' title='bbox 711 3595 840 3648; x_wconf 84' lang='lat' dir='ltr'>descensu</span> <span class='ocrx_word' id='word_1_346' title='bbox 859 3595 976 3646; x_wconf 90' lang='lat' dir='ltr'>doctriua</span> <span class='ocrx_word' id='word_1_347' title='bbox 997 3595 1095 3646; x_wconf 89' lang='lat' dir='ltr'>ePetri</span> <span class='ocrx_word' id='word_1_348' title='bbox 1114 3597 1173 3648; x_wconf 91' lang='lat' dir='ltr'>loco</span> <span class='ocrx_word' id='word_1_349' title='bbox 1194 3598 1300 3648; x_wconf 91' lang='lat' dir='ltr'>omniuo</span> <span class='ocrx_word' id='word_1_350' title='bbox 1317 3611 1368 3647; x_wconf 89' lang='lat' dir='ltr'>non</span> 
     </span>
     <span class='ocr_line' id='line_1_38' title="bbox 88 3661 1368 3732; baseline 0.002 -19"><span class='ocrx_word' id='word_1_351' title='bbox 88 3663 179 3714; x_wconf 89' lang='lat' dir='ltr'>hausta</span> <span class='ocrx_word' id='word_1_352' title='bbox 199 3661 314 3722; x_wconf 90' lang='lat' dir='ltr'>videtur;</span> <span class='ocrx_word' id='word_1_353' title='bbox 333 3663 453 3729; x_wconf 75' lang='lat' dir='ltr'>Bengelii</span> <span class='ocrx_word' id='word_1_354' title='bbox 472 3670 558 3716; x_wconf 91' lang='lat' dir='ltr'>autem</span> <span class='ocrx_word' id='word_1_355' title='bbox 579 3667 660 3716; x_wconf 91' lang='lat' dir='ltr'>nostri</span> <span class='ocrx_word' id='word_1_356' title='bbox 679 3666 730 3716; x_wconf 90' lang='lat' dir='ltr'>loci</span> <span class='ocrx_word' id='word_1_357' title='bbox 750 3665 890 3732; x_wconf 85' lang='lat' dir='ltr'>explicatio</span> <span class='ocrx_word' id='word_1_358' title='bbox 910 3665 1004 3731; x_wconf 87' lang='lat' dir='ltr'>quibus</span> <span class='ocrx_word' id='word_1_359' title='bbox 1021 3666 1118 3716; x_wconf 87' lang='lat' dir='ltr'>nitatur</span> <span class='ocrx_word' id='word_1_360' title='bbox 1138 3666 1299 3731; x_wconf 81' lang='lat' dir='ltr'>argumentis</span> <span class='ocrx_word' id='word_1_361' title='bbox 1322 3666 1368 3715; x_wconf 90' lang='lat' dir='ltr'>mi·</span> 
     </span>
     <span class='ocr_line' id='line_1_39' title="bbox 88 3730 534 3788; baseline 0.002 -6"><span class='ocrx_word' id='word_1_362' title='bbox 88 3732 157 3782; x_wconf 90' lang='lat' dir='ltr'>nime</span> <span class='ocrx_word' id='word_1_363' title='bbox 176 3730 282 3788; x_wconf 76' lang='lat' dir='ltr'>validIs.</span> <span class='ocrx_word' id='word_1_364' title='bbox 302 3749 362 3782; x_wconf 91' lang='lat' dir='ltr'>mox</span> <span class='ocrx_word' id='word_1_365' title='bbox 379 3732 534 3785; x_wconf 76' lang='lat' dir='ltr'>uldebimus</span> 
     </span>
    </p>
   </div>
   <div class='ocr_carea' id='block_1_8' title="bbox 86 3810 1366 4043">
    <p class='ocr_par' dir='ltr' id='par_1_9' title="bbox 86 3810 1366 4043">
     <span class='ocr_line' id='line_1_40' title="bbox 156 3810 961 3890; baseline -0.001 -21"><span class='ocrx_word' id='word_1_366' title='bbox 156 3819 180 3869; x_wconf 80' lang='grc'>4.</span> <span class='ocrx_word' id='word_1_367' title='bbox 201 3813 318 3867; x_wconf 96' lang='grc' dir='ltr'><em>Νῶε-</em></span> <span class='ocrx_word' id='word_1_368' title='bbox 337 3810 368 3867; x_wconf 79' lang='grc' dir='ltr'>ἐκ</span> <span class='ocrx_word' id='word_1_369' title='bbox 385 3818 473 3890; x_wconf 75' lang='grc' dir='ltr'><em>καιρῷ</em></span> <span class='ocrx_word' id='word_1_370' title='bbox 493 3813 576 3888; x_wconf 76' lang='grc' dir='ltr'><em>ὀργῆς</em></span> <span class='ocrx_word' id='word_1_371' title='bbox 594 3813 705 3887; x_wconf 80' lang='grc' dir='ltr'><em>ἐγένετο</em></span> <span class='ocrx_word' id='word_1_372' title='bbox 725 3814 961 3889; x_wconf 80' lang='grc' dir='ltr'><em>ἀντάλλαγμα.</em></span> 
     </span>
     <span class='ocr_line' id='line_1_41' title="bbox 157 3897 1366 3986; baseline 0.002 -32"><span class='ocrx_word' id='word_1_373' title='bbox 157 3906 182 3984; x_wconf 45' lang='grc' dir='ltr'>5.κ</span> <span class='ocrx_word' id='word_1_374' title='bbox 198 3903 274 3953; x_wconf 86' lang='lat' dir='ltr'>Hebr.</span> <span class='ocrx_word' id='word_1_375' title='bbox 298 3902 347 3985; x_wconf 58' lang='lat' dir='ltr'>illi</span> <span class='ocrx_word' id='word_1_376' title='bbox 367 3908 394 3954; x_wconf 81' lang='lat' dir='ltr'>I:</span> <span class='ocrx_word' id='word_1_377' title='bbox 425 3904 543 3985; x_wconf 68' lang='grc' dir='ltr'><em>πέσσει</em></span> <span class='ocrx_word' id='word_1_378' title='bbox 569 3904 772 3985; x_wconf 76' lang='grc' dir='ltr'><em>χρηματισθεὶς</em></span> <span class='ocrx_word' id='word_1_379' title='bbox 803 3901 921 3955; x_wconf 90' lang='grc' dir='ltr'><em>Νῶε-</em></span> <span class='ocrx_word' id='word_1_380' title='bbox 947 3900 1153 3986; x_wconf 61' lang='grc' dir='ltr'><em>εὐλαβηθεὶς</em></span> <span class='ocrx_word' id='word_1_381' title='bbox 1182 3897 1366 3956; x_wconf 75' lang='grc' dir='ltr'><em>κατεσκεῶασε</em></span> 
     </span>
     <span class='ocr_line' id='line_1_42' title="bbox 86 3968 1182 4043; baseline -0.001 -22"><span class='ocrx_word' id='word_1_382' title='bbox 86 3977 204 4038; x_wconf 71' lang='lat' dir='ltr'>asponon</span> <span class='ocrx_word' id='word_1_383' title='bbox 222 4002 253 4009; x_wconf 90' lang='lat'><em>-</em></span> <span class='ocrx_word' id='word_1_384' title='bbox 273 3968 301 4021; x_wconf 80' lang='lat' dir='ltr'>dc</span> <span class='ocrx_word' id='word_1_385' title='bbox 333 3987 366 4038; x_wconf 82' lang='grc' dir='ltr'>ης</span> <span class='ocrx_word' id='word_1_386' title='bbox 384 3971 446 4034; x_wconf 74' lang='lat' dir='ltr'>(fide</span> <span class='ocrx_word' id='word_1_387' title='bbox 466 3974 568 4026; x_wconf 79' lang='lat' dir='ltr'>scilicet</span> <span class='ocrx_word' id='word_1_388' title='bbox 586 3990 623 4026; x_wconf 89' lang='lat' dir='ltr'>src</span> <span class='ocrx_word' id='word_1_389' title='bbox 643 3975 823 4041; x_wconf 85' lang='lat' dir='ltr'>comprobata)</span> <span class='ocrx_word' id='word_1_390' title='bbox 842 3970 988 4043; x_wconf 79' lang='grc' dir='ltr'><em>κατέκρινε</em></span> <span class='ocrx_word' id='word_1_391' title='bbox 1005 3989 1054 4024; x_wconf 85' lang='grc' dir='ltr'><em>ταν</em></span> <span class='ocrx_word' id='word_1_392' title='bbox 1070 3988 1182 4041; x_wconf 85' lang='grc' dir='ltr'><em>κασμον.</em></span> 
     </span>
    </p>
   </div>
   <div class='ocr_carea' id='block_1_9' title="bbox 156 4054 845 4129">
    <p class='ocr_par' dir='ltr' id='par_1_10' title="bbox 156 4054 845 4129">
     <span class='ocr_line' id='line_1_43' title="bbox 156 4054 845 4129; baseline 0.001 -19"><span class='ocrx_word' id='word_1_393' title='bbox 156 4061 179 4110; x_wconf 91' lang='grc'>6.</span> <span class='ocrx_word' id='word_1_394' title='bbox 199 4058 273 4111; x_wconf 83' lang='lat' dir='ltr'>Mtth.</span> <span class='ocrx_word' id='word_1_395' title='bbox 285 4057 426 4116; x_wconf 65' lang='lat' dir='ltr'>xmae:</span> <span class='ocrx_word' id='word_1_396' title='bbox 445 4086 478 4095; x_wconf 93' lang='lat'>-</span> <span class='ocrx_word' id='word_1_397' title='bbox 496 4055 543 4109; x_wconf 78' lang='lat' dir='ltr'>cdx</span> <span class='ocrx_word' id='word_1_398' title='bbox 560 4055 717 4129; x_wconf 80' lang='grc' dir='ltr'><em>ἔγνωσαν</em></span> <span class='ocrx_word' id='word_1_399' title='bbox 736 4054 787 4116; x_wconf 77' lang='grc' dir='ltr'>ἕως</span> <span class='ocrx_word' id='word_1_400' title='bbox 803 4088 845 4111; x_wconf 92' lang='grc'>-.</span> 
     </span>
    </p>
   </div>
   <div class='ocr_carea' id='block_1_10' title="bbox 86 4138 1367 4765">
    <p class='ocr_par' dir='ltr' id='par_1_11' title="bbox 86 4138 1367 4765">
     <span class='ocr_line' id='line_1_44' title="bbox 92 4138 1367 4215; baseline -0.001 -19"><span class='ocrx_word' id='word_1_401' title='bbox 92 4140 95 4149; x_wconf 92' lang='grc'>’</span> <span class='ocrx_word' id='word_1_402' title='bbox 156 4148 179 4196; x_wconf 84' lang='grc'>7.</span> <span class='ocrx_word' id='word_1_403' title='bbox 201 4144 272 4205; x_wconf 80' lang='lat' dir='ltr'>Quae</span> <span class='ocrx_word' id='word_1_404' title='bbox 292 4147 436 4209; x_wconf 86' lang='lat' dir='ltr'>sequuntur</span> <span class='ocrx_word' id='word_1_405' title='bbox 455 4140 495 4200; x_wconf 80' lang='grc' dir='ltr'>εἰς</span> <span class='ocrx_word' id='word_1_406' title='bbox 512 4141 548 4210; x_wconf 74' lang='grc' dir='ltr'>ἣν</span> <span class='ocrx_word' id='word_1_407' title='bbox 563 4140 653 4215; x_wconf 75' lang='grc' dir='ltr'><em>ὀλίγαι</em></span> <span class='ocrx_word' id='word_1_408' title='bbox 668 4141 745 4197; x_wconf 76' lang='grc' dir='ltr'>τοῦτ’</span> <span class='ocrx_word' id='word_1_409' title='bbox 764 4141 842 4197; x_wconf 77' lang='grc' dir='ltr'><em>ἔστιν</em></span> <span class='ocrx_word' id='word_1_410' title='bbox 856 4139 925 4196; x_wconf 74' lang='lat' dir='ltr'>dard</span> <span class='ocrx_word' id='word_1_411' title='bbox 944 4142 1033 4212; x_wconf 81' lang='grc' dir='ltr'><em>ψυχαὶ</em></span> <span class='ocrx_word' id='word_1_412' title='bbox 1050 4138 1229 4210; x_wconf 74' lang='grc' dir='ltr'><em>διεσώθησαν</em></span> <span class='ocrx_word' id='word_1_413' title='bbox 1245 4139 1287 4194; x_wconf 75' lang='grc' dir='ltr'><em>δι’</em></span> <span class='ocrx_word' id='word_1_414' title='bbox 1303 4141 1367 4195; x_wconf 77' lang='lat' dir='ltr'>dde-</span> 
     </span>
     <span class='ocr_line' id='line_1_45' title="bbox 87 4210 1367 4281; baseline 0 -17"><span class='ocrx_word' id='word_1_415' title='bbox 87 4230 146 4273; x_wconf 81' lang='grc' dir='ltr'><em>τος,</em></span> <span class='ocrx_word' id='word_1_416' title='bbox 166 4214 204 4264; x_wconf 89' lang='lat' dir='ltr'>sIc</span> <span class='ocrx_word' id='word_1_417' title='bbox 224 4213 363 4264; x_wconf 77' lang='lat' dir='ltr'>absolvunt</span> <span class='ocrx_word' id='word_1_418' title='bbox 381 4210 535 4262; x_wconf 86' lang='lat' dir='ltr'>sententiam</span> <span class='ocrx_word' id='word_1_419' title='bbox 555 4222 584 4264; x_wconf 92' lang='lat' dir='ltr'>ut</span> <span class='ocrx_word' id='word_1_420' title='bbox 606 4216 767 4281; x_wconf 77' lang='lat' dir='ltr'>intelligatur</span> <span class='ocrx_word' id='word_1_421' title='bbox 793 4216 907 4281; x_wconf 83' lang='lat' dir='ltr'>reIIquos</span> <span class='ocrx_word' id='word_1_422' title='bbox 931 4213 1042 4278; x_wconf 90' lang='lat' dir='ltr'>periisse</span> <span class='ocrx_word' id='word_1_423' title='bbox 1065 4226 1164 4265; x_wconf 88' lang='lat' dir='ltr'>omnes.</span> <span class='ocrx_word' id='word_1_424' title='bbox 1202 4212 1303 4265; x_wconf 86' lang='lat' dir='ltr'>Servati</span> <span class='ocrx_word' id='word_1_425' title='bbox 1323 4228 1367 4264; x_wconf 87' lang='lat' dir='ltr'>au-</span> 
     </span>
     <span class='ocr_line' id='line_1_46' title="bbox 87 4281 1366 4350; baseline -0.002 -16"><span class='ocrx_word' id='word_1_426' title='bbox 87 4290 140 4334; x_wconf 91' lang='lat' dir='ltr'>tem</span> <span class='ocrx_word' id='word_1_427' title='bbox 159 4283 196 4334; x_wconf 90' lang='lat' dir='ltr'>illi</span> <span class='ocrx_word' id='word_1_428' title='bbox 215 4291 275 4334; x_wconf 91' lang='lat' dir='ltr'>octo</span> <span class='ocrx_word' id='word_1_429' title='bbox 296 4298 374 4348; x_wconf 92' lang='lat' dir='ltr'>quum</span> <span class='ocrx_word' id='word_1_430' title='bbox 392 4284 417 4332; x_wconf 91' lang='lat' dir='ltr'>in</span> <span class='ocrx_word' id='word_1_431' title='bbox 436 4295 514 4331; x_wconf 91' lang='lat' dir='ltr'>versu</span> <span class='ocrx_word' id='word_1_432' title='bbox 533 4285 650 4348; x_wconf 85' lang='lat' dir='ltr'>proxime</span> <span class='ocrx_word' id='word_1_433' title='bbox 670 4287 791 4350; x_wconf 88' lang='lat' dir='ltr'>sequenti</span> <span class='ocrx_word' id='word_1_434' title='bbox 810 4284 953 4335; x_wconf 90' lang='lat' dir='ltr'>inserviant</span> <span class='ocrx_word' id='word_1_435' title='bbox 970 4286 1111 4349; x_wconf 83' lang='lat' dir='ltr'>prototypo</span> <span class='ocrx_word' id='word_1_436' title='bbox 1128 4281 1230 4334; x_wconf 89' lang='lat' dir='ltr'>cuidam</span> <span class='ocrx_word' id='word_1_437' title='bbox 1246 4282 1366 4334; x_wconf 83' lang='lat' dir='ltr'>Christia-</span> 
     </span>
     <span class='ocr_line' id='line_1_47' title="bbox 88 4345 1367 4419; baseline 0 -17"><span class='ocrx_word' id='word_1_438' title='bbox 88 4366 180 4402; x_wconf 89' lang='lat' dir='ltr'>norum</span> <span class='ocrx_word' id='word_1_439' title='bbox 200 4367 246 4418; x_wconf 92' lang='lat' dir='ltr'>per</span> <span class='ocrx_word' id='word_1_440' title='bbox 264 4352 421 4418; x_wconf 89' lang='lat' dir='ltr'>baptismum</span> <span class='ocrx_word' id='word_1_441' title='bbox 441 4349 641 4413; x_wconf 88' lang='lat' dir='ltr'>servandorum,</span> <span class='ocrx_word' id='word_1_442' title='bbox 661 4361 687 4403; x_wconf 89' lang='lat' dir='ltr'>et</span> <span class='ocrx_word' id='word_1_443' title='bbox 704 4354 747 4404; x_wconf 91' lang='lat' dir='ltr'>illa</span> <span class='ocrx_word' id='word_1_444' title='bbox 766 4352 805 4402; x_wconf 88' lang='lat' dir='ltr'>vis</span> <span class='ocrx_word' id='word_1_445' title='bbox 824 4367 874 4419; x_wconf 85' lang='lat' dir='ltr'>qua</span> <span class='ocrx_word' id='word_1_446' title='bbox 892 4363 1014 4401; x_wconf 87' lang='lat' dir='ltr'>uumerus</span> <span class='ocrx_word' id='word_1_447' title='bbox 1032 4349 1171 4402; x_wconf 90' lang='lat' dir='ltr'>admodum</span> <span class='ocrx_word' id='word_1_448' title='bbox 1189 4367 1286 4418; x_wconf 90' lang='lat' dir='ltr'>parvus</span> <span class='ocrx_word' id='word_1_449' title='bbox 1303 4345 1367 4413; x_wconf 71' lang='lat' dir='ltr'>(tti-</span> 
     </span>
     <span class='ocr_line' id='line_1_48' title="bbox 88 4412 1364 4489; baseline 0.001 -19"><span class='ocrx_word' id='word_1_450' title='bbox 88 4437 137 4489; x_wconf 71' lang='grc' dir='ltr'>γαι</span> <span class='ocrx_word' id='word_1_451' title='bbox 156 4416 233 4471; x_wconf 80' lang='grc' dir='ltr'><strong><em>τοῦτ’</em></strong></span> <span class='ocrx_word' id='word_1_452' title='bbox 252 4416 329 4470; x_wconf 78' lang='grc' dir='ltr'><em>ἔστιν</em></span> <span class='ocrx_word' id='word_1_453' title='bbox 347 4413 416 4471; x_wconf 75' lang='lat' dir='ltr'>dard</span> <span class='ocrx_word' id='word_1_454' title='bbox 434 4419 538 4487; x_wconf 81' lang='grc' dir='ltr'><em>ψυχαί)</em></span> <span class='ocrx_word' id='word_1_455' title='bbox 559 4422 655 4472; x_wconf 87' lang='lat' dir='ltr'>eminet</span> <span class='ocrx_word' id='word_1_456' title='bbox 672 4422 817 4488; x_wconf 88' lang='lat' dir='ltr'>explicatur</span> <span class='ocrx_word' id='word_1_457' title='bbox 835 4420 896 4481; x_wconf 81' lang='lat' dir='ltr'>(cfr.</span> <span class='ocrx_word' id='word_1_458' title='bbox 913 4418 996 4480; x_wconf 82' lang='lat' dir='ltr'>iutra)</span> <span class='ocrx_word' id='word_1_459' title='bbox 1014 4424 1041 4470; x_wconf 88' lang='lat' dir='ltr'>et</span> <span class='ocrx_word' id='word_1_460' title='bbox 1051 4412 1241 4487; x_wconf 71' lang='grc' dir='ltr'><em>,διεσώθησαν</em></span> <span class='ocrx_word' id='word_1_461' title='bbox 1254 4420 1364 4472; x_wconf 83' lang='lat' dir='ltr'>verbum</span> 
     </span>
     <span class='ocr_line' id='line_1_49' title="bbox 88 4482 1364 4556; baseline 0.001 -16"><span class='ocrx_word' id='word_1_462' title='bbox 88 4489 179 4555; x_wconf 77' lang='lat' dir='ltr'>generi</span> <span class='ocrx_word' id='word_1_463' title='bbox 198 4482 236 4539; x_wconf 89' lang='lat' dir='ltr'>illl</span> <span class='ocrx_word' id='word_1_464' title='bbox 255 4488 353 4540; x_wconf 86' lang='lat' dir='ltr'>diluvio</span> <span class='ocrx_word' id='word_1_465' title='bbox 372 4488 534 4556; x_wconf 90' lang='lat' dir='ltr'>perditorum</span> <span class='ocrx_word' id='word_1_466' title='bbox 558 4503 589 4540; x_wconf 89' lang='lat' dir='ltr'>ue</span> <span class='ocrx_word' id='word_1_467' title='bbox 608 4489 710 4541; x_wconf 81' lang='lat' dir='ltr'>suturae</span> <span class='ocrx_word' id='word_1_468' title='bbox 729 4488 833 4556; x_wconf 90' lang='lat' dir='ltr'>quidem</span> <span class='ocrx_word' id='word_1_469' title='bbox 855 4486 947 4540; x_wconf 90' lang='lat' dir='ltr'>salutis</span> <span class='ocrx_word' id='word_1_470' title='bbox 965 4487 1106 4556; x_wconf 88' lang='lat' dir='ltr'>quidquam</span> <span class='ocrx_word' id='word_1_471' title='bbox 1125 4490 1274 4556; x_wconf 85' lang='lat' dir='ltr'>relinquere</span> <span class='ocrx_word' id='word_1_472' title='bbox 1292 4488 1364 4541; x_wconf 88' lang='lat' dir='ltr'>vide-</span> 
     </span>
     <span class='ocr_line' id='line_1_50' title="bbox 88 4554 1362 4626; baseline 0 -17"><span class='ocrx_word' id='word_1_473' title='bbox 88 4563 138 4609; x_wconf 92' lang='lat' dir='ltr'>tur.</span> <span class='ocrx_word' id='word_1_474' title='bbox 175 4554 290 4608; x_wconf 85' lang='lat' dir='ltr'>Salutem</span> <span class='ocrx_word' id='word_1_475' title='bbox 309 4557 488 4626; x_wconf 87' lang='lat' dir='ltr'>deperdidisse</span> <span class='ocrx_word' id='word_1_476' title='bbox 513 4559 591 4617; x_wconf 89' lang='lat' dir='ltr'>istos,</span> <span class='ocrx_word' id='word_1_477' title='bbox 609 4556 712 4609; x_wconf 88' lang='lat' dir='ltr'>videtur</span> <span class='ocrx_word' id='word_1_478' title='bbox 730 4557 865 4624; x_wconf 87' lang='lat' dir='ltr'>apostolus</span> <span class='ocrx_word' id='word_1_479' title='bbox 880 4556 989 4617; x_wconf 86' lang='lat' dir='ltr'>docere,</span> <span class='ocrx_word' id='word_1_480' title='bbox 1008 4556 1226 4625; x_wconf 89' lang='lat' dir='ltr'>quemadmodum</span> <span class='ocrx_word' id='word_1_481' title='bbox 1245 4573 1292 4610; x_wconf 90' lang='lat' dir='ltr'>suo</span> <span class='ocrx_word' id='word_1_482' title='bbox 1308 4559 1362 4622; x_wconf 87' lang='lat' dir='ltr'>jam</span> 
     </span>
     <span class='ocr_line' id='line_1_51' title="bbox 86 4624 1362 4695; baseline 0 -18"><span class='ocrx_word' id='word_1_483' title='bbox 86 4631 206 4691; x_wconf 88' lang='lat' dir='ltr'>tempore</span> <span class='ocrx_word' id='word_1_484' title='bbox 231 4624 399 4693; x_wconf 85' lang='lat' dir='ltr'>deperdatur,</span> <span class='ocrx_word' id='word_1_485' title='bbox 431 4627 523 4680; x_wconf 87' lang='lat' dir='ltr'>salutis</span> <span class='ocrx_word' id='word_1_486' title='bbox 554 4625 668 4679; x_wconf 89' lang='lat' dir='ltr'>remedio</span> <span class='ocrx_word' id='word_1_487' title='bbox 694 4627 765 4694; x_wconf 90' lang='lat' dir='ltr'>quod</span> <span class='ocrx_word' id='word_1_488' title='bbox 787 4627 857 4679; x_wconf 86' lang='lat' dir='ltr'>Deus</span> <span class='ocrx_word' id='word_1_489' title='bbox 881 4633 996 4693; x_wconf 86' lang='lat' dir='ltr'>praestet</span> <span class='ocrx_word' id='word_1_490' title='bbox 1018 4629 1097 4695; x_wconf 90' lang='lat' dir='ltr'>impie</span> <span class='ocrx_word' id='word_1_491' title='bbox 1122 4632 1281 4693; x_wconf 81' lang='lat' dir='ltr'>contempto.</span> <span class='ocrx_word' id='word_1_492' title='bbox 1324 4626 1362 4678; x_wconf 83' lang='lat' dir='ltr'>lle</span> 
     </span>
     <span class='ocr_line' id='line_1_52' title="bbox 87 4689 1362 4765; baseline 0.001 -20"><span class='ocrx_word' id='word_1_493' title='bbox 87 4694 175 4745; x_wconf 87' lang='lat' dir='ltr'>verbis</span> <span class='ocrx_word' id='word_1_494' title='bbox 190 4694 312 4760; x_wconf 77' lang='lat' dir='ltr'>singulis,</span> <span class='ocrx_word' id='word_1_495' title='bbox 327 4696 436 4747; x_wconf 89' lang='lat' dir='ltr'>maxime</span> <span class='ocrx_word' id='word_1_496' title='bbox 449 4696 481 4748; x_wconf 91' lang='lat' dir='ltr'>de</span> <span class='ocrx_word' id='word_1_497' title='bbox 495 4713 543 4750; x_wconf 91' lang='lat' dir='ltr'>usu</span> <span class='ocrx_word' id='word_1_498' title='bbox 560 4696 764 4765; x_wconf 88' lang='lat' dir='ltr'>praepositionis</span> <span class='ocrx_word' id='word_1_499' title='bbox 779 4689 827 4748; x_wconf 75' lang='lat' dir='ltr'>ded</span> <span class='ocrx_word' id='word_1_500' title='bbox 842 4703 902 4749; x_wconf 87' lang='lat' dir='ltr'>aute</span> <span class='ocrx_word' id='word_1_501' title='bbox 917 4691 992 4764; x_wconf 71' lang='grc' dir='ltr'>ὕδωρ</span> <span class='ocrx_word' id='word_1_502' title='bbox 1009 4697 1055 4751; x_wconf 81' lang='lat' dir='ltr'>cfr.</span> <span class='ocrx_word' id='word_1_503' title='bbox 1068 4697 1105 4750; x_wconf 80' lang='lat' dir='ltr'>Ile</span> <span class='ocrx_word' id='word_1_504' title='bbox 1116 4693 1362 4748; x_wconf 82' lang='lat' dir='ltr'>Wette·Brdelruer.</span> 
     </span>
    </p>
   </div>
   <div class='ocr_carea' id='block_1_11' title="bbox 158 3274 1460 3423">
    <p class='ocr_par' dir='ltr' id='par_1_12' title="bbox 158 3274 1460 3423">
     <span class='ocr_line' id='line_1_53' title="bbox 158 3274 1460 3423; baseline 0.002 -71"><span class='ocrx_word' id='word_1_505' title='bbox 158 3304 181 3352; x_wconf 84' lang='lat'>2.</span> <span class='ocrx_word' id='word_1_506' title='bbox 202 3301 251 3353; x_wconf 75' lang='lat' dir='ltr'>Cir.</span> <span class='ocrx_word' id='word_1_507' title='bbox 271 3301 343 3354; x_wconf 86' lang='lat' dir='ltr'>Mtth.</span> <span class='ocrx_word' id='word_1_508' title='bbox 360 3302 446 3363; x_wconf 85' lang='lat' dir='ltr'>XXIV,</span> <span class='ocrx_word' id='word_1_509' title='bbox 463 3306 508 3356; x_wconf 82' lang='lat'>38:</span> <span class='ocrx_word' id='word_1_510' title='bbox 529 3332 560 3341; x_wconf 91' lang='lat'>-</span> <span class='ocrx_word' id='word_1_511' title='bbox 578 3331 612 3340; x_wconf 86' lang='lat'><em>-</em></span> <span class='ocrx_word' id='word_1_512' title='bbox 631 3299 712 3423; x_wconf 68' lang='grc' dir='ltr'><em>ἄχρι</em></span> <span class='ocrx_word' id='word_1_513' title='bbox 729 3289 762 3370; x_wconf 74' lang='grc' dir='ltr'>ἧς</span> <span class='ocrx_word' id='word_1_514' title='bbox 779 3299 883 3373; x_wconf 69' lang='grc' dir='ltr'><em>ἡμέρας</em></span> <span class='ocrx_word' id='word_1_515' title='bbox 907 3299 1017 3370; x_wconf 68' lang='grc' dir='ltr'><em>εἰσῆλθε</em></span> <span class='ocrx_word' id='word_1_516' title='bbox 1034 3299 1101 3354; x_wconf 87' lang='grc' dir='ltr'>Νῶε</span> <span class='ocrx_word' id='word_1_517' title='bbox 1118 3297 1159 3358; x_wconf 78' lang='lat' dir='ltr'>ele</span> <span class='ocrx_word' id='word_1_518' title='bbox 1176 3296 1228 3370; x_wconf 73' lang='grc' dir='ltr'>τὴν</span> <span class='ocrx_word' id='word_1_519' title='bbox 1245 3297 1370 3372; x_wconf 73' lang='grc' dir='ltr'><em>κιβωτόν.</em></span> <span class='ocrx_word' id='word_1_520' title='bbox 1456 3274 1460 3288; x_wconf 47' lang='lat'><strong>¹</strong></span> 
     </span>
    </p>
   </div>
   <div class='ocr_carea' id='block_1_12' title="bbox 1385 4778 1598 4912">
    <p class='ocr_par' dir='ltr' id='par_1_13' title="bbox 1385 4778 1598 4912">
     <span class='ocr_line' id='line_1_54' title="bbox 1385 4778 1598 4912; baseline -0.005 0"><span class='ocrx_word' id='word_1_521' title='bbox 1385 4778 1598 4912; x_wconf 54' lang='lat' dir='ltr'>&#39;FN</span> 
     </span>
    </p>
   </div>
   <div class='ocr_carea' id='block_1_13' title="bbox 0 0 1610 5228">
    <p class='ocr_par' dir='ltr' id='par_1_14' title="bbox 0 0 1610 5228">
     <span class='ocr_line' id='line_1_55' title="bbox 0 0 1610 5228; baseline 0 2"><span class='ocrx_word' id='word_1_522' title='bbox 0 0 1610 5228; x_wconf 95' lang='lat' dir='ltr'> </span> 
     </span>
    </p>
   </div>
  </div>
 </body>
</html>
