3210 5228
678 295 784 351 lParr.
800 293 850 358 lll,
868 293 918 348 20.
1220 242 1225 260 ἱ
1393 295 1433 358 27

248 459 301 521 Sic
320 476 395 521 uero
420 462 512 520 etiarn
535 454 696 534 πνεύματα
723 458 772 519 illa
799 461 865 536 ipsa
889 457 989 534 qualia
1012 460 1075 517 sint
1103 461 1277 520 accuratius
1295 465 1360 539 jam
1383 464 1434 526 de-

158 547 277 607 linitur.
321 546 437 607 Animis
456 562 587 622 poenam
610 545 730 622 jamin
758 545 879 603 inferno
908 542 1064 604 luentibus
1092 562 1149 605 uec
1176 560 1237 604 non
1265 554 1434 612 extremum

153 631 269 711 jndicll
293 630 471 710 supplicium
493 630 745 709 exspectantibus
768 632 910 707 apparuit
926 630 1020 707 igitur
1036 634 1069 689 et
1084 631 1272 707 praedicarit
1294 633 1437 697 Christus

159 717 261 781 redux
283 719 444 781 emortuis
467 720 568 795 iisqne
590 752 634 765 -
656 718 701 778 sic
723 715 805 776 valet
832 716 979 776 articulus
1009 719 1201 795 antepositus
1224 752 1265 762 -
1293 722 1437 784 crnnibus

162 805 272 884 quiqui
294 803 342 865 ibl.
365 807 632 870 commorarentur
654 809 747 880 atque
775 804 806 862 iu
834 801 893 861 hoc
920 808 1003 863 statu
1026 806 1185 864 constituti
1208 808 1345 866 οεεουι.1
1391 806 1437 868 Νο

161 899 281 964 tannen,
305 889 389 969 quod
411 889 534 951 licuerit
557 907 575 950 e
598 907 692 951 versu
716 888 964 963 undevigesimo,
997 889 1034 951 de
1064 892 1214 951 omnium·
1229 895 1352 953 omnino
1382 896 1437 954 im-

164 979 285 1056 piorum
307 977 418 1037 animis
441 975 623 1054 supplicium
641 975 750 1053 judicii
774 977 901 1035 extremi
918 976 1169 1051 exspectantibus
1185 976 1244 1038 hoc
1266 976 1333 1039 loco
1355 983 1437 1056 cogi-
1527 968 1535 986 ⁶

163 1069 278 1137 temon,
306 1061 435 1141 impedit
461 1078 573 1123 versus
602 1063 789 1140 vigesimus,
820 1062 873 1138 qui
907 1061 1091 1123 arctioribus
1122 1064 1214 1124 etiarn
1238 1064 1352 1126 finibus
1379 1068 1438 1127 cir-

163 1147 366 1221 cumscribat,
390 1149 471 1209 iuter
495 1165 573 1226 quos
597 1147 739 1208 Christus
761 1164 829 1228 cum
853 1148 960 1208 nuntio
984 1163 1041 1206 suo
1064 1151 1262 1227 apparuerit.⁴

247 1254 274 1298 v.
289 1236 339 1298 ab.
364 1229 559 1314 ἀπειθήσασί
571 1255 661 1319 ποτε,
685 1230 735 1304 ὅτε
760 1229 954 1310 ἀπεξεδέχετο
979 1225 998 1307 ἧ
1020 1237 1074 1293 τοῦ
1090 1236 1168 1295 θεοῦ
1184 1237 1390 1317 μακροθυμία
1407 1236 1439 1296 ἐν

159 1315 290 1402 ἡμέραις
306 1321 396 1393 Νῶε,
419 1318 727 1400 κατασκευαζομένης
747 1320 890 1396 κιβωτοῦ,
915 1317 956 1389 εἲς
977 1313 1015 1397 ἢν
1031 1313 1132 1405 dllyar
1147 1318 1236 1383 τοῦτ’
1260 1319 1342 1383 ἔστιν
1358 1319 1439 1384 ὀκτώ

158 1407 262 1486 ψυχαὶ
286 1403 486 1484 διεσώθησαν
510 1402 554 1466 δι’
578 1403 703 1476 ὕδατος.
1076 1451 1082 1474 ,

182 1493 186 1502 '
242 1485 474 1573 Ἀπειθὴσαντα
496 1500 604 1570 aperte
626 1497 668 1553 ita
688 1491 874 1569 adjungitur,
899 1497 933 1551 nt
948 1507 1056 1551 omnes
1075 1495 1199 1554 omnino
1216 1494 1329 1571 quibus
1351 1496 1439 1572 prae-

160 1579 312 1642 dicaverit
338 1578 481 1639 Christus
514 1579 572 1639 hac
606 1584 678 1640 uota
713 1567 920 1654 insignientur
953 1594 1054 1654 neque
1086 1577 1178 1639 latius
1207 1585 1313 1658 pateat
1344 1582 1438 1642 altera
1511 1588 1518 1595 “
1546 1563 1549 1572 ’

159 1672 234 1733 utra
255 1667 341 1727 notio
365 1668 534 1727 animarum
557 1669 589 1725 ct
610 1664 786 1724 infidelium.
822 1663 970 1724 Omnibus
994 1663 1115 1740 liuguae
1137 1666 1253 1742 regulis
1275 1673 1437 1746 repugnat,

162 1754 193 1815 si
215 1754 285 1831 quis
308 1768 386 1830 quae
401 1753 467 1828 jam
489 1750 527 1811 de
550 1751 659 1810 animis
676 1750 736 1810 illis
752 1749 969 1828 praedicentur
988 1748 1025 1810 de
1046 1753 1149 1827 specle
1167 1745 1298 1829 quadar'n
1317 1771 1355 1814 ex
1371 1759 1438 1815 toto

163 1839 334 1902 animarum
358 1854 485 1898 numero
509 1837 688 1897 nominatim
710 1835 862 1896 laudanda
885 1835 1071 1912 acceperit²
1106 1837 1138 1897 si
1158 1838 1298 1901 voluerat
1314 1847 1439 1916 aposto

162 1926 212 1987 lus
236 1925 311 1986 alias
334 1923 370 1984 ab
395 1923 462 1985 aliis
486 1923 675 1999 distinguere
701 1924 833 1994 animas,
863 1939 963 2001 neque
987 1921 1133 1983 articulus
1163 1941 1262 2002 neque
1288 1926 1439 2003 particula

162 2013 361 2090 partitionem
384 2013 459 2070 sive
473 2009 700 2070 restrictionem
724 2009 900 2085 significans
925 2008 1035 2068 abesse
1056 2012 1165 2084 potuit.
1201 2009 1252 2071 Sic
1273 2028 1347 2073 vero
1370 2029 1439 2089 par-

161 2099 300 2175 ticipium
327 2097 457 2158 inservit
479 2093 700 2156 describendae
723 2096 896 2155 accuratius
920 2099 1048 2155 naturae
1072 2100 1103 2155 et
1125 2095 1292 2157 conditioni
1320 2097 1440 2160 illarum

163 2185 332 2245 animarum
356 2183 488 2259 quaein
513 2198 637 2242 carcere
654 2181 874 2243 detinerentur.
912 2181 1116 2258 Postquam
1141 2181 1373 2259 denegaverunt
1387 2185 1440 2245 ali·

146 2253 286 2350 'quando
301 2267 506 2330 obedientiam
521 2273 552 2328 et
574 2266 666 2328 lidern
680 2269 746 2328 Dec
762 2267 999 2328 clementissime
1018 2268 1057 2327 iis
1079 2266 1265 2347 indulgenti,
1284 2271 1349 2347 jam
1367 2276 1440 2331 suut

164 2358 360 2427 incarcere,
385 2354 537 2414 Christum
560 2353 789 2433 praedicantem
812 2355 982 2418 audientes.

252 2442 454 2503 Notissimnm
477 2445 525 2501 est
547 2446 649 2501 autem
671 2439 909 2517 ascriptoribus
926 2443 999 2502 noui
1013 2443 1191 2502 testamenti
1206 2441 1333 2502 verbum
1355 2439 1441 2502 ἄπει.

167 2531 237 2590 θεῖν
259 2532 302 2589 lta
325 2529 469 2604 usurpari
490 2532 526 2586 ut
547 2528 612 2586 iere
635 2526 715 2588 idem
739 2529 780 2587 sit
802 2526 884 2605 qnod
908 2515 1053 2590 ἀπιστεῖν.
1088 2527 1171 2601 Quae
1191 2527 1340 2588 liutterus
1364 2528 1395 2606 (l.
1409 2529 1442 2595 l.)
1537 2524 1544 2533 “

166 2620 274 2678 monet
294 2613 464 2674 Lutherum
487 2629 623 2689 sequens
646 2612 683 2673 de
707 2612 883 2675 discrimine
909 2614 1068 2672 notionum
1091 2608 1222 2685 ἄπιστος
1244 2618 1275 2674 et
1297 2610 1440 2696 ἀπενθής,

166 2705 198 2764 in
219 2703 398 2763 universum
422 2701 498 2761 satis
521 2704 606 2760 recte
629 2697 838 2776 disputantur,
867 2715 1030 2776 quamqam
1051 2701 1083 2758 iu
1105 2699 1161 2761 No.
1179 2699 1233 2758 To.
1258 2699 1441 2777 adjectivum

166 2784 300 2864 ἀπενθής
328 2802 484 2863 nunquam
513 2786 670 2861 propriam
704 2783 929 2845 inobedientiae
957 2786 1214 2859 significationem
1241 2788 1356 2862 amisit;
1386 2788 1443 2849 sed

148 2876 237 2938 ‘cum
260 2871 332 2933 inde
354 2872 402 2933 vel
426 2871 485 2931 hoc
513 2869 814 2942 evincere'studeat,
842 2870 879 2930 dc
904 2869 1088 2930 fidelibus
1115 2870 1263 2932 hocloco
1293 2874 1358 2950 agi,
1389 2876 1442 2952 qui

167 2978 245 3024 sane
269 2964 527 3034 „nonuunquam‘
552 2961 584 3017 et
605 2956 665 3018 hcc
689 2954 812 3034 quidem
830 2961 971 3033 tempore
996 2955 1035 3017 de
1057 2974 1119 3033 quo
1136 2959 1241 3033 agitur
1258 2960 1326 3034 ipso
1344 2958 1442 3037 (nort)

168 3064 228 3122 „ex
244 3045 420 3106 infirmitate
439 3045 539 3103 carnis
557 3060 619 3103 nou
638 3041 824 3103 crediderint
838 3042 1044 3120 peculiaribus
1061 3044 1118 3102 Dei
1135 3044 1442 3105 comminationibus“

168 3151 261 3196 nemo
295 3148 357 3191 non
387 3129 470 3191 videt
499 3147 603 3193 curam
638 3129 772 3207 dogmati
800 3129 877 3189 male
911 3128 1046 3189 habitam
1072 3129 1145 3189 talia
1177 3130 1443 3207 interpretationis

167 3225 307 3282 monstra
331 3217 535 3294 progignere,
565 3216 595 3275 id
622 3215 708 3294 qnod
736 3218 803 3293 ipse
831 3217 963 3292 ingenue
992 3217 1106 3277 latetur
1135 3221 1180 3292 (p.
1195 3214 1260 3278 989
1276 3232 1322 3294 sq.
1331 3217 1353 3294 l.
1398 3217 1443 3280 De

166 3307 333 3369 uerborum
360 3320 421 3362 usu
449 3302 506 3363 hoc
535 3301 709 3363 tenendum.
760 3301 872 3361 Rarius
899 3307 1068 3378 usurpatur
1096 3296 1233 3361 ἀπιστεῖν
1256 3319 1357 3381 neque
1386 3322 1442 3365 un-

170 3410 262 3472 quam
285 3392 351 3450 iere
375 3390 442 3448 siue
466 3394 550 3449 certa
573 3387 700 3466 quadarn
721 3390 850 3448 ratione.
884 3389 945 3448 Aul
968 3389 1080 3449 eminet
1102 3387 1174 3449 fidei
1197 3392 1329 3466 quaein
1358 3407 1445 3452 con·

170 3479 319 3540 stantia
335 3477 471 3536 cernitur
492 3477 577 3536 notio
595 3474 693 3553 (Rom.
709 3474 763 3547 111,
783 3475 800 3538 3
818 3475 854 3535 ci.
872 3474 900 3536 2.
930 3475 1037 3536 adim.
1049 3474 1089 3546 ll,
1110 3474 1180 3551 13),
1203 3481 1257 3535 aut
1274 3482 1444 3556 usurpatur

130 3612 132 3619 ,
170 3568 212 3627 ita
234 3571 269 3626 ut
289 3563 397 3624 nuntio
420 3560 538 3621 cuidam
558 3577 621 3622 non
642 3561 786 3641 credatur
809 3567 937 3639 propter
956 3563 1002 3622 rei
1022 3564 1119 3637 magis
1138 3562 1333 3623 insolentiam
1353 3581 1444 3640 quam

171 3657 299 3730 propter
317 3649 409 3709 animi
421 3646 673 3708 incredulitatem.
698 3648 758 3708 Gir,
771 3647 865 3709 lllarc.
879 3646 959 3718 xvi,
976 3650 1023 3709 11.
1044 3647 1116 3708 Luc.
1130 3647 1231 3720 XXIV,
1248 3653 1296 3716 ll,
1314 3651 1444 3710 maxime

169 3736 408 3798 itineranti:
438 3729 705 3793 ἀπιστούντων
734 3729 805 3792 ἀπὸ
833 3736 899 3808 τῆς
918 3730 1037 3812 χαρᾶς
1060 3733 1121 3792 καὶ
1145 3729 1441 3810 θαυμαζόντων,

173 3824 224 3886 ubi
247 3820 385 3882 ἀπειθεῖν
411 3836 473 3879 σου
495 3818 637 3879 habuerit
658 3819 777 3890 locnm;
801 3814 939 3879 ἀπειθεῖν
963 3822 1046 3880 enlm·
1074 3821 1154 3881 solet
1175 3814 1325 3878 πιστεύειν
1347 3819 1443 3880 verbo

171 3912 214 3970 ita
238 3907 366 3986 opponi,
390 3910 424 3964 nt
446 3904 536 3964 simul
559 3903 782 3966 incredulitatis
811 3906 881 3964 lons
909 3909 1092 3989 etpnatura‚
1123 3905 1289 3981 conspicua
1319 3904 1443 3983 quidem

178 4027 372 4041 ..oua-—

241 4080 263 4131 t.
282 4075 392 4129 Veteres
413 4074 533 4127 nonnulli
551 4089 610 4126 curn
628 4075 831 4128 aliterstatuaut
848 4073 881 4128 de
899 4076 1007 4127 notione
1026 4069 1147 4144 φυλακή,
1166 4073 1266 4126 malunt
1277 4075 1394 4143 linguam
1407 4077 1445 4130 oi·

171 4145 278 4199 leudere
298 4161 375 4212 quam
394 4142 489 4210 dogma
505 4142 656 4209 periclitari.
685 4143 880 4196 Clr.Hutterum
895 4145 939 4212 qui
956 4143 1094 4210 (Explicat.
1114 4142 1174 4193 libri
1188 4143 1346 4197 concordiae
1364 4144 1447 4202 edil.

173 4215 305 4268 Wittemb.
326 4215 390 4267 loos
409 4229 435 4280 p.
445 4214 505 4275 991)
524 4212 551 4262 iu
569 4211 663 4263 bonam
682 4219 782 4280 partem
801 4212 835 4264 de
852 4252 867 4273 „
876 4214 1003 4264 tutatione
1015 4213 1058 4264 vel
1076 4213 1299 4264 conscrvatioue⁴‘
1317 4216 1448 4282 aecipien-

173 4284 231 4337 dam
259 4296 319 4335 esse
342 4279 489 4340 contendit,
511 4280 663 4347 animasque
688 4296 754 4349 qnae
778 4283 813 4333 ita
838 4287 1027 4333 conserventur
1051 4295 1110 4332 esse
1133 4280 1309 4341 „fidelium
1333 4285 1387 4352 qni
1415 4287 1446 4337 in

174 4353 317 4406 coelesti
336 4352 397 4403 illo
417 4351 479 4402 ucri
499 4354 738 4415 exspectarunt
755 4351 1038 4403 resurrectionem
1057 4350 1228 4402 caruis.“l!
1264 4351 1349 4404 Simili
1367 4353 1447 4406 modo

173 4429 233 4476 ante
253 4436 311 4473 enm
331 4421 452 4472 Calvinus
470 4411 598 4489 φυλακήν
615 4418 741 4485 explicuit
759 4418 791 4470 de
809 4418 951 4484 „specula,
969 4419 995 4468 iu
1014 4432 1064 4486 qua
1079 4424 1191 4486 aguntur
1209 4421 1336 4488 vigiliae“
1354 4423 1396 4477 uel
1415 4422 1447 4475 de

173 4485 1152 4614 batillisdimittedimitte?,ratisratis”iti
1169 4490 1244 4612 llll
1266 4490 1328 4610 ‘55¹³
1343 4499 1448 4614 list

173 4579 304 4685 dbsolutis
320 4573 435 4697 predium
453 4574 514 4680 erge
531 4627 629 4681 statuit.
728 4571 744 4624 p
1063 4574 1081 4627 y
1258 4573 1275 4626 p
1324 4574 1341 4626 g

243 4702 267 4751 2.
286 4696 337 4748 dir.
355 4696 421 4762 iutra
439 4696 475 4748 de
490 4695 611 4764 liesgelii
628 4695 772 4757 sententia,
790 4693 822 4747 de
840 4693 941 4749 osirim
957 4708 1043 4766 supro.
