3210 5228
167 257 224 365 to'
583 386 585 393 Α
648 302 753 360 ruet.
768 303 817 372 m,
839 303 952 375 issqq.

170 473 321 535 ctissime:
344 476 434 543 „Wie
448 476 506 535 den
521 474 662 548 Sotiates,
686 490 720 533 so
738 477 788 535 die
801 474 905 549 Spitze
923 476 977 535 des
999 477 1030 535 tn
1053 490 1079 531 v.
1092 473 1132 534 19
1148 475 1337 535 entholtenen
1351 470 1450 548 Arqu-

169 570 264 626 ments
279 564 379 623 tilden
395 563 445 622 die
466 561 568 620 Worte
584 552 787 632 ζωοποιηθεὶς
804 556 836 616 δὲ
855 554 1024 632 πνεύματιίί
1039 556 1099 632 (Li.
1116 574 1144 633 p.
1158 556 1222 630 41).
1258 555 1448 629 Quibuscum

171 664 249 724 quae
272 649 444 721 sequuntur
473 649 534 703 tam
567 648 651 702 arete
681 644 841 719 conjuncta
871 660 941 703 esse
970 644 1057 719 ponit
1083 649 1118 701 ut
1140 643 1229 718 quasi
1265 641 1450 703 documento

170 733 355 792 afferrentur
366 730 447 791 vitae
459 729 652 790 restitutae.¹
676 729 773 789 Etiam
787 730 845 787 hoe
863 730 1035 788 satis-reete
1049 728 1107 788 diei
1120 732 1235 804 potest.
1261 727 1322 786 Sed
1334 731 1449 813 quanta

164 820 238 896 jam
251 816 385 878 evadunt
408 819 542 874 monstra
563 815 829 890 argumentorum!
864 819 1044 894 „Ctristes‚
1069 815 1114 874 sio
1131 816 1246 891 pergit,
1270 847 1313 857 -
1335 818 1384 876 litt
1405 817 1451 877 tis

170 926 237 968 zum
262 907 325 967 Tod
347 924 396 965 om
409 906 546 965 Fleisete
569 906 616 964 oet
637 906 840 982 tetradiam,
863 907 902 964 im
928 904 1008 964 Tode
1031 907 1084 965 des
1107 905 1260 964 Fleiscttes
1283 910 1345 963 eret
1366 903 1453 962 reeta!

168 993 322 1065 besreitena
347 993 460 1065 Geiste,
489 1006 529 1049 so
553 993 644 1050 dass
666 1008 704 1050 er
726 988 765 1059 (o.
785 990 825 1050 19
841 989 921 1065 sqq.)
943 1005 1057 1066 sopor
1078 991 1173 1050 auch
1194 991 1293 1050 noct
1315 990 1453 1048 seinem

172 1082 268 1141 Tode
301 1081 361 1154 dte
393 1095 439 1137 oo
473 1079 542 1136 itm
576 1078 889 1152 eipentttiimlictte
929 1076 1194 1136 Wirltsomlret't
1229 1075 1450 1147 fortaetzte.

170 1167 242 1228 Seid
262 1171 378 1242 petrost
399 1166 526 1223 darum!
550 1194 590 1202 —
607 1164 656 1221 tter
678 1163 773 1222 lebet
798 1165 865 1222 mie
886 1180 925 1222 er
946 1165 991 1221 im
1016 1162 1111 1222 Tude
1132 1163 1252 1222 setost
1272 1163 1345 1221 und
1360 1161 1454 1221 tiber

172 1252 373 1314 desselben
388 1243 558 1308 tineus.“
582 1244 774 1304 Christianos
788 1261 861 1320 ergo
874 1245 979 1305 vivere
998 1246 1027 1303 in
1040 1250 1212 1315 aeternum,
1227 1245 1298 1320 quia
1310 1242 1453 1303 Christus

172 1335 329 1395 Noaehitis
352 1332 543 1408 evangelium
572 1329 757 1408 praedicarit
789 1332 820 1390 in
849 1331 971 1391 inferis!
1023 1331 1134 1390 Mirum
1163 1335 1310 1406 quantum
1338 1329 1456 1404 patitur

172 1420 298 1480 Petrus!
333 1420 429 1478 Atiam
447 1419 524 1478 viam
541 1433 639 1494 nuper
653 1416 845 1476 Weissius
862 1395 962 1476 derum
977 1418 1138 1492 ingressus
1154 1423 1203 1476 est
1216 1422 1250 1475 nt
1266 1414 1454 1492 „digressio-

174 1511 267 1565 nem“
291 1505 388 1574 iiiam,
413 1521 472 1581 qua
496 1505 620 1562 omnino
644 1503 751 1560 statuit
766 1503 939 1578 apostolum
961 1502 988 1561 h.
1005 1503 1053 1560 ta
1072 1504 1230 1580 proposita
1246 1503 1386 1562 oratione
1401 1501 1454 1561 ab·

175 1596 312 1662 errasse,
329 1591 487 1649 contextui
501 1588 632 1664 quodam
646 1586 736 1645 modo
751 1586 935 1650 insereret²
958 1623 1015 1667 „—
1028 1593 1089 1652 Der
1102 1594 1268 1667 ollerdinqs
1280 1592 1456 1667 setmtertpe

175 1681 437 1756 Zosnmmeotoap
449 1681 504 1739 der
519 1679 609 1738 Stella
625 1678 741 1736 atheim
760 1681 817 1737 mir
834 1680 934 1738 dieser
952 1697 991 1738 zu
1009 1681 1082 1738 sein.
1115 1681 1223 1738 Petrus
1240 1679 1293 1737 tot
1310 1694 1335 1735 v.
1351 1676 1400 1736 to.
1414 1676 1456 1737 17

177 1770 227 1828 die
244 1767 381 1826 Christen
403 1766 555 1838 ermotnt,
579 1766 619 1823 im
640 1763 804 1824 Getesttum
827 1766 1028 1842 vaderretro,
1052 1766 1110 1824 dos
1125 1765 1236 1824 Leiden
1257 1763 1393 1835 oosst'et
1415 1779 1456 1823 zu

174 1855 314 1925 nahmen,
339 1853 456 1911 ttetls
479 1853 546 1910 mett
567 1868 599 1909 es
618 1848 674 1920 sair
690 1852 750 1923 sie,
775 1852 825 1910 die
845 1851 1025 1927 Gtc't'obt'qen,
1050 1851 1153 1911 hester
1168 1853 1227 1925 set,
1252 1852 1366 1910 ttetls
1388 1851 1456 1910 weit

176 1957 208 1999 es
231 1941 281 1999 die
303 1938 505 2014 unptdobtqeo
530 1937 672 1996 Ldsterer
696 1937 872 1997 besehdmen
895 1939 958 1996 ond
984 1952 1018 1995 so
1041 1955 1098 1996 zur
1121 1938 1219 1996 Basse
1240 1938 1328 2021 triten
1356 1937 1456 1996 morde

180 2023 209 2096 t?
232 2022 268 2080 ei.
288 2039 316 2096 p.
335 2022 370 2081 14
394 2036 487 2096 supra
510 2019 547 2077 ad
570 2022 605 2077 vj
619 2019 690 2092 tot.
727 2023 816 2082 Dtese
832 2023 1028 2099 Ermotnuop
1045 2024 1196 2082 verstt't'rlct
1212 2041 1245 2082 er
1264 2024 1360 2083 duret
1385 2023 1457 2080 Vor-

66 2182 69 2187 .
176 2112 303 2186 haltona
326 2113 379 2169 des
393 2110 550 2190 ‘Bet'spa'ets
575 2108 702 2181 Christi,
733 2111 788 2168 der
816 2110 896 2167 auct
924 2111 971 2168 ots
998 2112 1045 2168 eto
1071 2110 1232 2180 Gereetter
1258 2111 1315 2168 das
1343 2108 1456 2169 Leiden

175 2196 371 2273 antiquitati
393 2194 646 2263 stettaertretend)
671 2191 734 2263 auf
748 2195 813 2253 sicii
835 2209 1007 2270 qenommeo
1029 2197 1121 2262 habe,
1145 2196 1284 2255 einmot
1306 2196 1402 2254 demit
1422 2211 1456 2255 er

176 2285 226 2342 dte
246 2282 456 2357 Glduba'qen
480 2282 591 2340 wieder
614 2297 653 2337 zu
679 2279 748 2338 Gott
771 2278 991 2360 terzufit'itren,
1016 2282 1080 2341 und
1103 2283 1200 2343 dono
1224 2283 1382 2346 domitor,
1405 2297 1455 2356 pe·

176 2368 309 2440 sterben,
334 2370 365 2427 to
388 2368 446 2426 den
469 2368 573 2426 Hades
595 2367 769 2440 patented
790 2367 868 2424 auct
892 2365 941 2425 die
959 2369 1055 2426 etnst
1076 2367 1283 2442 ooqldrttip
1308 2367 1456 2427 Geblte·

177 2456 294 2514 teneo
311 2453 389 2512 noct
409 2453 556 2512 betetren
573 2447 704 2512 tonne.“
717 2450 782 2520 (tt)
814 2448 883 2523 lpse
901 2451 1039 2508 sensisse
1057 2448 1178 2508 videtur
1193 2450 1241 2509 vir
1257 2449 1366 2509 doetus
1384 2448 1456 2509 talia

177 2537 228 2595 vix
247 2534 586 2612 cuiquampersuaderi
603 2537 727 2609 praeter
744 2535 860 2609 ipsum3
878 2550 947 2592 nam
964 2533 1062 2593 addit:
1080 2540 1274 2614 „Atlerdt'nps
1291 2541 1356 2598 tritt
1374 2541 1458 2600 diere

13 2704 16 2717 s
64 2664 66 2666 -
180 2625 511 2700 Geoanamoeztetonq
532 2624 616 2684 nieht
637 2624 718 2684 eoen-
732 2625 803 2682 sehr
825 2624 894 2683 lator
910 2625 1020 2683 terror
1027 2642 1038 2695 ;
1062 2625 1137 2684 aber
1159 2627 1220 2686 iota
1242 2627 1330 2685 setae
1349 2626 1457 2685 tuneo

176 2713 297 2772 andern
325 2711 414 2786 Weq,
439 2712 489 2770 die
511 2711 687 2785 Diqression
710 2712 764 2770 des
787 2711 928 2785 Apostels
950 2711 1029 2785 (III,
1046 2711 1086 2780 19
1097 2710 1136 2782 fi)
1159 2729 1216 2770 aas
1244 2714 1311 2771 dem
1332 2712 1457 2772 lusam-

177 2799 345 2872 montanae
362 2797 605 2857 zotmottoirenf‘
635 2790 754 2864 Quanto
774 2790 881 2851 melior
900 2797 932 2852 et
949 2792 1068 2868 planior
1084 2799 1133 2854 est
1148 2795 1196 2852 via
1214 2811 1273 2871 qua
1294 2795 1458 2870 ingressus

177 2880 222 2939 De
247 2880 348 2939 Wette
373 2896 437 2938 rem
462 2878 622 2938 absolvere
645 2883 776 2936 conatus
801 2883 858 2937 est.
906 2878 1026 2951 Quanto
1050 2883 1166 2939 rectius
1191 2879 1350 2939 Calvinus:
1375 2896 1457 2951 „non

181 2965 441 3035 animadvertunt,
457 2965 564 3040 inquit,
579 2963 637 3023 hoe
654 2965 818 3041 praecipue
832 2964 908 3023 velle
926 2963 1066 3035 Petrum,
1081 2965 1333 3048 quemadmodum
1350 2971 1458 3042 poten·

179 3053 218 3111 tia
243 3046 371 3129 spiritus
396 3050 509 3111 Christi
532 3050 681 3109 vivificam
705 3066 739 3109 se
762 3052 879 3126 inipso
903 3050 1038 3110 ostendit
1061 3058 1093 3110 et
1116 3051 1184 3110 talis
1205 3069 1222 3110 a
1246 3053 1381 3112 mortuis¹
1400 3052 1458 3111 fuit

178 3140 325 3214 cognita“
358 3135 417 3212 (de
441 3138 499 3213 piis
523 3138 604 3196 enim
633 3137 765 3212 cogitat)
797 3135 909 3206 „tatem
935 3136 1241 3212 etiamerga‘nos
1271 3138 1368 3197 fore.“
1410 3138 1455 3197 Ex

176 3225 303 3283 Weissii
337 3224 586 3282 memoremus
616 3221 798 3282 Christianis
832 3222 1002 3281 consolatio
1034 3227 1162 3298 paratur
1190 3228 1348 3283 nontam
1386 3222 1457 3282 inde

178 3309 259 3384 quod
279 3308 398 3367 Christo
420 3309 573 3368 salvatore
588 3309 734 3391 fruantur
747 3309 821 3384 ipsi,
836 3325 926 3384 quam
951 3307 1031 3384 quod
1050 3308 1219 3368 adversarii
1234 3311 1311 3385 ipsis
1331 3313 1458 3369 utantur

176 3399 321 3470 tanquam
341 3394 552 3454 salvatoribus.
588 3396 680 3470 Atqui
698 3411 753 3454 eur
776 3393 834 3452 hoe
857 3393 999 3453 solatium
1014 3393 1051 3453 ab
1074 3395 1182 3454 inferis
1201 3396 1363 3471 petamus?
1398 3393 1458 3455 Sed

177 3480 280 3539 taedet
301 3497 466 3539 recensere
486 3482 585 3541 omnia
601 3480 651 3539 iiia
666 3484 837 3539 commenta
855 3479 967 3555 quibus
984 3479 1069 3539 Petri
1080 3480 1190 3556 jubent
1205 3483 1345 3541 excusari
1364 3499 1455 3557 quam

178 3567 236 3642 ipsi
259 3583 421 3643 perperam
444 3571 677 3643 supposuerunt
699 3565 933 3642 digressionem.
968 3564 1056 3627 Nulla
1079 3584 1113 3626 re
1137 3567 1320 3627 luculentius
1343 3569 1457 3628 refuta-

178 3658 229 3711 tur
257 3652 307 3711 ilia
330 3651 368 3711 de
391 3652 551 3733 evangelio
575 3652 612 3710 ad
640 3651 768 3712 interos
784 3651 959 3728 praedicato
992 3653 1112 3728 opinio,
1136 3670 1234 3730 'quam
1264 3653 1345 3729 qnod
1375 3655 1456 3714 inter

179 3739 317 3798 fautores
340 3738 422 3798 iltius
445 3739 624 3798 innumeros
648 3754 738 3797 neimo
769 3741 830 3807 est,
862 3740 914 3813 qui
943 3738 1026 3798 saiva
1056 3741 1205 3798 orationis
1234 3741 1463 3819 perspicuitate>

179 3825 257 3884 hano
280 3827 465 3885 sententiam
488 3825 646 3884 contextui
669 3825 785 3884 inferre
808 3823 973 3887 valuerit³
1379 3872 1382 3878 .

268 3911 325 3982 Qui
362 3910 515 3987 quomodo
546 3911 633 3970 loeus
661 3917 769 3969 noster
796 3911 1017 3969 sententiarum
1049 3912 1143 3970 seriei
1172 3913 1326 3972 inseratur
1355 3913 1458 3972 animo

180 3999 264 4054 reete
281 3997 445 4056 informare
464 3996 611 4067 voluerit,
637 3997 663 4056 is
681 4001 751 4057 ante
766 3996 871 4054 omnia
887 3995 1023 4056 attendat
1042 4014 1158 4075 quaeso
1179 3996 1216 4058 ad
1235 3996 1358 4058 brevem
1374 3998 1456 4059 illam

250 4218 271 4267 i.
291 4217 366 4334 „q'dr
375 4220 467 4270 welche
481 4218 747 4285 Letendiperirattunq
762 4219 807 4268 der
820 4219 886 4268 teste
900 4219 996 4270 Heraeis
1009 4210 1059 4281 ise
1073 4222 1134 4273 deas
1148 4238 1176 4270 ar
1190 4234 1215 4269 u.
1226 4233 1246 4270 s.
1258 4221 1311 4270 w.“
1326 4246 1359 4255 -
1378 4236 1403 4287 p.
1416 4223 1458 4274 43.

248 4287 272 4405 ξ.
291 4285 448 4420 lwq'egfiggflq
460 4303 530 4406 atquo
544 4336 801 4406 orationisPetrin'ae
819 4355 997 4408 conterendae
1013 4324 1133 4422 protecto
1146 4355 1310 4421 ingeniosior
1326 4363 1366 4408 est
1381 4372 1458 4424 qnam

78 4487 85 4499 .
181 4423 296 4474 omnium
317 4421 490 4487 reliquorum,
511 4428 560 4475 etsi
581 4425 637 4491 ipse
653 4439 759 4492 quoque
770 4422 883 4475 Guederi
899 4430 925 4476 et
938 4426 1045 4476 Weissii
1060 4425 1116 4476 fere
1131 4424 1196 4474 riam
1213 4429 1334 4480 sectatur.
1371 4426 1458 4494 Repu·

178 4496 260 4558 gnam
279 4496 365 4544 tamen
391 4506 449 4542 eum
467 4507 533 4558 quae
552 4509 631 4560 snpra
654 4493 685 4544 de
704 4508 773 4544 nexu
791 4492 851 4544 inde
875 4508 889 4544 a
912 4495 990 4547 tertio
1010 4493 1111 4544 decimo
1130 4507 1207 4544 versu
1227 4494 1361 4547 obtinente
1380 4502 1407 4547 et
1424 4495 1457 4548 de

181 4561 234 4613 toci
252 4562 334 4628 ipsius
354 4565 442 4611 natura
460 4565 646 4627 proposuimus
663 4563 764 4615 diversa
784 4580 797 4613 a
816 4563 978 4630 Wiesingeri
990 4562 1217 4626 interpretatione,
1236 4568 1290 4616 tum
1306 4579 1373 4631 quae
1391 4565 1457 4617 inira

25 4698 31 4706 ·
142 4645 144 4650 ·
182 4627 322 4682 afferentur
345 4629 377 4682 de
401 4630 506 4695 generis
524 4630 595 4682 itlius
609 4630 707 4683 diluvio
724 4631 819 4699 perditi
836 4638 896 4683 nota
915 4647 947 4682 ex
966 4629 1104 4683 traditione
1122 4631 1317 4700 antiquissima,
1342 4635 1458 4702 turpiora

182 4711 246 4749 sane
265 4702 342 4766 qnam
361 4712 427 4767 qnae
445 4698 477 4751 iis
496 4698 669 4752 vindicaverit
685 4715 760 4767 spem
778 4700 908 4767 gratiosae
925 4713 971 4767 per
990 4697 1120 4751 christum
1139 4701 1311 4760 salutationis.
1397 4758 1399 4762 ,
1451 4715 1466 4761 .·j
