3210 5228
122 284 129 297 ’
207 321 248 384 ot
735 322 838 379 renna.
857 322 902 391 iv,
921 322 949 382 o.

209 492 433 565 argumentum.
478 485 660 547 Rectissime
683 487 849 564 opponitur
872 486 909 546 ab
931 485 1159 561 Engelhardto¹
1184 503 1221 545 ex
1239 486 1360 546 illorum
1379 487 1483 545 mente

208 573 356 651 ejusmodi
379 571 452 650 quid
475 574 565 649 sequi
587 570 746 632 debuisse:
768 625 789 652 „
798 579 893 637 demit
914 579 959 637 oie
981 578 1059 637 doch
1085 578 1228 651 mucorem
1257 593 1321 635 mas
1339 573 1395 647 su‘r
1415 577 1483 636 dne

152 734 157 743 ¹
207 662 342 735 Zukuuft
363 665 446 723 ihrer
468 668 576 737 morte,
606 664 669 722 und
690 679 753 722 mar
782 665 827 722 cie
848 681 888 722 zu
915 664 987 722 thum
1015 657 1157 738 bdttcn,“
1186 660 1251 720 scil.
1282 659 1309 718 si
1332 656 1480 734 judicium

206 745 319 808 vellent
342 747 448 806 vitare.
494 744 599 804 Om'nis
624 745 660 803 lis
683 744 754 804 inde
781 751 851 804 nata
881 762 952 805 esse
974 745 1095 806 videtur
1118 744 1198 821 quod
1228 743 1265 803 ad
1288 743 1420 821 apostoli
1447 742 1480 802 in

205 832 253 893 his
269 831 414 893 versibus
436 831 597 891 consillum
613 847 780 907 eorumque
797 832 1041 907 conjunctionem
1067 832 1166 890 minus
1182 830 1349 890 attenditur
1364 846 1380 888 a
1402 829 1478 888 viris

206 917 313 978 doctis·
329 934 419 995 quam
442 915 479 975 ad
503 915 585 977 istud
608 915 709 996 νεκροί
729 934 821 978 versu
846 923 934 976 sexto
950 918 1130 993 repetitum,
1150 916 1232 994 quod
1247 933 1303 993 per
1319 933 1353 976 se
1371 919 1478 991 aperte

207 1004 329 1066 diverso
354 1003 443 1063 modo
465 1002 594 1079 intelligi
617 1002 696 1062 licet.
733 1003 854 1063 Gueder
871 1005 934 1081 jam
963 1005 1095 1079 ingenue
1123 1003 1284 1063 confessus
1312 1005 1373 1072 est,
1403 1001 1482 1060 hauc

207 1107 311 1152 vocem
336 1107 392 1166 per
420 1106 453 1149 se
476 1105 538 1149 nou
566 1088 713 1165 impedire
737 1091 900 1165 quominus
928 1088 964 1148 de
993 1090 1032 1148 iis
1062 1090 1241 1165 accipiatur,
1273 1089 1325 1165 qui
1348 1088 1482 1146 vixerint

205 1179 287 1237 iuter
310 1174 460 1251 evangelii
475 1192 532 1252 per
547 1174 700 1234 Christum
716 1174 883 1251 praedicati
899 1176 982 1234 initia
1001 1182 1031 1234 et
1043 1175 1191 1251 judicium
1206 1176 1352 1234 futurum.
1366 1225 1371 1234 .
1387 1175 1481 1233 llum·

206 1263 295 1323 modo
320 1262 432 1320 iidem
455 1262 512 1320 hoc
536 1278 627 1321 versu
650 1259 752 1341 νεκροί
775 1261 967 1338 appellentur
992 1278 1072 1338 quos
1097 1263 1202 1338 quinto
1232 1261 1385 1335 significet
1407 1274 1480 1335 apo·

206 1349 305 1410 stolus
328 1349 386 1407 hoc
409 1348 531 1407 nomine
554 1351 586 1405 et
612 1348 692 1405 inter
721 1364 775 1406 eos
807 1352 962 1416 numeret,
993 1350 1045 1424 qui
1072 1365 1106 1406 re
1137 1364 1210 1407 vera
1240 1348 1353 1406 mortui
1380 1343 1480 1406 sint²

205 1435 395 1496 Rectissime.
441 1432 501 1492 Sed
518 1432 661 1493 -debehat
688 1434 734 1492 vir
763 1432 871 1492 doctus
903 1450 940 1492 eo
969 1435 1065 1508 magis
1091 1432 1251 1492 attendere
1274 1432 1310 1491 ad
1336 1449 1371 1491 ea
1398 1446 1478 1508 quae

155 1532 158 1538 ’
206 1524 310 1582 statim
331 1519 583 1597 praedicarentur
609 1520 640 1577 in
668 1519 705 1578 iis
735 1518 894 1578 efficienda
921 1517 973 1576 ‘bo
997 1517 1086 1598 σαρκὶ
1110 1519 1242 1596 κριθῶσι
1273 1520 1336 1578 κτλ,
1383 1517 1482 1591 Quale

206 1606 326 1685 quidem
351 1605 498 1680 judicium
527 1606 557 1663 in
586 1621 677 1663 carne
701 1604 918 1680 experiendum
941 1606 1080 1681 prolecto
1107 1606 1137 1663 in
1165 1605 1305 1663 viventes
1338 1603 1478 1681 quadrat,

206 1711 267 1754 non
297 1696 369 1753 item
398 1694 428 1750 in
457 1696 605 1752 mortuos.
649 1689 734 1761 ouon
760 1689 891 1750 Coederi
916 1691 1086 1750 sententiae
1110 1690 1359 1766 impedimentum
1382 1689 1508 1773 multo-⁸

208 1781 332 1856 majoris
355 1779 502 1839 momenti
524 1781 585 1847 est,
610 1793 699 1852 quam
723 1794 801 1853 quae
825 1781 930 1836 contra
955 1782 1091 1837 nostram
1114 1777 1212 1836 affert.

214 1936 216 1941 ,
296 1865 356 1925 Sed
387 1863 477 1923 modo
508 1863 564 1921 hac
601 1862 651 1921 de¹
673 1878 706 1921 re
736 1868 807 1922 ante
844 1865 944 1922 omnia
977 1864 1152 1934 conveniat,
1187 1860 1288 1942 νεκροί
1316 1859 1389 1921 illud
1416 1877 1478 1935 non

205 1969 299 2029 posse
323 1949 445 2028 quidem
472 1966 533 2008 non
556 1952 695 2007 mortuos
719 1950 893 2023 significare
917 1949 1024 2009 eodem
1048 1966 1141 2008 sensu
1165 1965 1225 2026 quo
1249 1952 1320 2007 ante
1349 1963 1481 2022 usurpa-

206 2043 269 2098 tum
299 2039 339 2097 sit
365 2034 558 2105 vocabulum,
588 2035 711 2094 minime
741 2052 814 2104 vero
845 2034 914 2094 inde
945 2035 1046 2111 sequi,
1077 2040 1110 2093 ut
1133 2036 1245 2094 mortui
1269 2035 1333 2110 jam
1363 2034 1480 2093 luerint

205 2123 247 2183 illi
266 2140 334 2184 cum
353 2121 512 2198 evangelio
535 2119 761 2190 imbuerentur,
786 2137 844 2196 qua
869 2123 1020 2180 sententia
1040 2122 1145 2180 nescio
1165 2119 1236 2198 quid
1261 2121 1384 2179 omnino
1406 2134 1478 2196 pos-

206 2210 246 2269 sit
276 2227 293 2268 a
323 2209 475 2284 scriptura
505 2223 591 2266 sacra
620 2207 718 2281 magis
746 2206 877 2265 alienum
908 2208 1049 2282 proferri.
1096 2207 1139 2266 llo
1163 2194 1226 2282 jam
1260 2207 1401 2282 quaestio
1429 2223 1480 2284 re·

208 2294 339 2355 vocanda
369 2299 431 2363 est,
461 2310 522 2369 quo
546 2293 619 2367 jure
649 2292 739 2350 iidem
768 2294 890 2367 possint
908 2291 976 2350 'dici
1000 2294 1052 2369 qui
1076 2309 1168 2351 versu
1192 2297 1280 2352 sexto
1308 2298 1401 2368 atque
1426 2292 1481 2368 qui

206 2382 313 2458 quinto
342 2378 535 2456 appellentur
562 2380 669 2458 neapol.
717 2380 832 2453 Aperte
861 2379 957 2448 enim,
991 2380 1042 2455 qui
1069 2379 1185 2437 luerint
1213 2380 1325 2438 mortui
1353 2395 1390 2436 ex
1418 2377 1479 2437 alio

206 2467 354 2543 ternporis
375 2468 496 2541 ,puncto
527 2462 608 2522 solet
638 2462 769 2538 judicari
798 2481 813 2522 a
843 2465 918 2522 viris
948 2463 1046 2523 doctis
1075 2481 1166 2524 versu
1199 2462 1321 2541 quinto,
1353 2481 1390 2523 ex
1418 2461 1479 2523 alio

206 2569 296 2614 versu
320 2557 417 2612 sento.
463 2550 663 2625 Distinguunt
689 2551 771 2610 inter
794 2548 906 2608 Christi
929 2550 1058 2610 redituri
1085 2556 1207 2627 tempus
1236 2551 1372 2610 et‘Petri
1403 2550 1482 2609 scri*

205 2637 305 2701 bentis
337 2632 603 2714 (εὐηγγελίσθη).
624 2634 677 2694 sed
711 2637 804 2695 invita
840 2639 884 2695 uti
915 2635 1037 2695 videtur
1064 2637 1149 2696 Petri
1183 2641 1310 2698 mente,
1354 2636 1478 2695 Diserte

205 2723 327 2800 quidem
350 2723 409 2782 hoc
432 2737 524 2782 versu
551 2736 612 2780 non
641 2722 872 2797 pronuntiatur,
907 2724 1011 2786 statim
1039 2723 1097 2782 hoc
1126 2724 1195 2798 ipso
1226 2726 1365 2798 tempore
1392 2720 1477 2781 Chri-

204 2814 284 2871 stum
308 2807 476 2871 rediturum
500 2823 580 2867 esse.
626 2806 686 2866 Sed
710 2825 794 2884 quae
822 2814 995 2884 sequuntur
1018 2810 1162 2868 continuo
1187 2809 1226 2883 (v.
1241 2808 1273 2885 7)
1297 2802 1420 2866 πάντων
1445 2804 1481 2866 di
1506 2811 1509 2816 '

203 2891 238 2954 τὸ
261 2894 347 2965 τέλος
369 2890 469 2972 ἢγγικε
494 2898 567 2953 etv.
587 2895 622 2954 17
648 2885 663 2951 ὃ
687 2890 793 2971 καιρὸς
811 2896 865 2952 τοῦ
889 2889 1048 2971 <loentum
1065 2890 1100 2953 τὸ
1120 2893 1212 2971 κρίμα
1231 2890 1382 2975 (πάρεστι)
1400 2894 1477 2953 satis

204 2979 286 3042 clare
305 2979 487 3050 ostendunt,
510 2979 635 3039 Petrum
659 2996 751 3054 quum
771 2978 829 3039 boc
852 2978 920 3039 loco
938 2979 1092 3040 Christum
1109 2983 1247 3057 paratum
1270 2986 1300 3038 et
1321 2983 1476 3056 promtum

204 3065 240 3127 ad
259 3066 407 3144 judicium
435 3057 565 3134 diceret,
590 3080 646 3124 suo
675 3066 773 3141 ipsius
797 3069 934 3142 tempore
957 3065 1310 3143 exspectassereditum
1331 3065 1477 3125 Christi.³

203 3152 272 3217 Jam
293 3151 488 3228 intelligitur,
519 3167 574 3210 cur
590 3149 764 3228 ¹distinguat
787 3152 868 3210 inter
890 3151 949 3212 hoc
971 3169 1060 3212 suum
1084 3155 1206 3227 tempus
1228 3156 1320 3227 atque
1342 3150 1414 3211 illud
1438 3167 1476 3210 ex

205 3255 265 3315 quo
289 3237 478 3313 evangelium
503 3235 540 3295 de
559 3235 682 3297 Christo
705 3237 769 3313 jam
792 3239 833 3296 sit
854 3237 1072 3313 praedicatum.
1117 3237 1240 3298 Judicio
1263 3239 1342 3297 enim
1366 3254 1476 3314 appro-

202 3326 370 3400 pinquante
392 3324 499 3382 finitur
522 3321 672 3398 evangelii
690 3321 893 3398 praedicati03
915 3329 964 3384 ast
985 3323 1239 3400 praedicatum
1264 3327 1323 3384 est
1345 3319 1475 3402 (εὐηγγε-

203 3408 423 3485 llothclr.l,
447 3409 583 3483 1225).
627 3407 691 3468 lloc
712 3408 793 3468 vult:
818 3408 959 3470 Christus
988 3427 1081 3486 quum
1107 3408 1249 3481 redierit,
1277 3426 1319 3469 ex
1346 3425 1481 3470 eorumv

203 3511 358 3556 numero
382 3492 429 3552 ad>
447 3510 542 3570 quos
564 3493 748 3555 scribitur
775 3511 837 3554 nou
859 3495 926 3556 fore
949 3496 1085 3571 quinon
1107 3494 1261 3555 audierint
1282 3495 1477 3572 evangelium·

203 3597 303 3657 eoque
325 3578 386 3641 fide
407 3584 534 3656 recepto
558 3579 595 3639 ad
616 3581 697 3640 vitae
720 3597 776 3656 per
800 3580 953 3642 Christum
976 3586 1176 3659 recuperatae
1205 3583 1396 3642 consortium
1419 3597 1472 3658 po-

202 3667 318 3729 tuerint
338 3666 509 3743 pervenire.
554 3665 651 3726 Etiam
675 3667 727 3742 qui
756 3683 793 3725 ex
815 3666 863 3726 his
878 3669 1005 3727 ,mortui
1028 3671 1134 3727 essent
1161 3673 1230 3727 ante
1255 3667 1369 3728 Christi
1391 3667 1471 3727 redi-

270 3890 294 3938 2.
314 3887 407 3948 „otae
429 3887 576 3938 Widerredc
595 3887 656 3938 sind
672 3889 785 3938 ndmlt'ch
803 3888 843 3938 die
863 3886 957 3955 neapol
978 3905 1068 3938 onerer
1088 3890 1311 3941 stellariorum
1327 3893 1372 3940 mit
1391 3890 1473 3942 denen

202 3959 252 4010 aad
271 3957 294 4011 d.
304 3958 322 4006 i.
340 3956 457 4007 wirdlt'ch
471 3955 554 4005 Todle.
577 3956 675 4007 Jedoch
687 3957 753 4012 auch
764 3957 832 4019 jetzt
851 3957 932 4006 dieten
948 3957 1002 4006 sich
1019 3958 1085 4008 noch
1104 3958 1471 4026 owei'lllbqlc'cbltet'len:

202 4043 262 4079 man
278 4024 355 4075 derebt
371 4025 499 4084 ertttoeder¹
512 4025 602 4075 audie
617 4023 798 4075 Getammtheit
810 4023 859 4088 (1³)
876 4026 923 4074 der
937 4024 1021 4075 bichor
1036 4025 1300 4087 Certordnen,·oder
1317 4027 1396 4077 aber
1412 4044 1474 4078 nur

203 4112 244 4146 un
266 4093 319 4143 die
337 4110 404 4144 com
420 4091 601 4157 Austreten
618 4092 700 4144 Jesu
724 4094 771 4143 bis
792 4093 1025 4153 artmssintritt
1049 4089 1277 4149 deeGerr'cbta
1300 4094 1473 4148 Ventorb-
1504 4150 1507 4158 ,

202 4179 271 4214 nen.
299 4160 372 4211 Naelr
389 4158 435 4212 der
451 4162 558 4218 tenacem
571 4161 818 4228 Aussorsunpwdre
837 4163 892 4212 der
911 4163 1118 4230 Schouplata
1137 4166 1194 4214 der
1219 4163 1473 4233 Verltaindt‘puop

203 4232 254 4282 die
277 4229 375 4290 Erde,
401 4230 458 4280 ihre
479 4230 610 4297 'Trdper
637 4230 711 4300 thecle
734 4230 799 4279 uoclt
823 4229 922 4279 Jesu's
947 4232 1051 4281 selbot
1079 4233 1153 4283 thella
1177 4234 1227 4282 die
1251 4231 1387 4298 Aportel
1409 4236 1475 4284 und

145 4350 149 4367 ¹
203 4300 276 4350 ihre
294 4297 529 4364 ll'uclrfolqer.¹⁴
549 4298 565 4348 Ι.
583 4298 597 4349 l.
617 4313 642 4364 p.
654 4300 693 4350 52.
718 4296 781 4347 Cur
798 4303 883 4348 tamen
903 4299 958 4364 ipse
983 4298 1050 4350 hanc
1074 4301 1232 4362 sententiam¹
1248 4299 1381 4364 rejiceret,
1405 4300 1474 4352 istud
1573 4359 1575 4365 ,

204 4365 298 4436 νεκροί
316 4372 386 4418 certe
405 4380 457 4416 non
477 4368 565 4418 movit.
1260 4406 1264 4413 .
1476 4378 1478 4383 ’

271 4438 296 4489 3.
314 4434 369 4486 lloe
388 4439 458 4485 recte
477 4442 565 4486 monet
582 4435 729 4501 Wiesinger
748 4440 838 4486 contra
854 4435 994 4487 Holmanni
1018 4437 1181 4488 senteutiam
1191 4451 1216 4500 p.
1230 4436 1301 4500 2712·
1316 4436 1410 4500 ,‚Dass
1428 4441 1475 4490 der

211 4504 281 4570 Vers,
301 4506 352 4568 uus
365 4505 406 4554 die
431 4503 702 4572 Voraussetzunq
726 4505 794 4555 ibres
816 4507 893 4556 l'oder
911 4510 968 4558 nd
992 4525 1020 4556 so
1039 4504 1220 4556 coedi-alchitob
1244 4508 1367 4570 einpelren
1390 4509 1472 4569 sollte,

204 4576 299 4625 ctimmt
309 4574 380 4625 nicht
394 4582 440 4641 put
456 4589 491 4624 aar
503 4575 558 4624 dem
571 4568 687 4642 ἑτοίμως
697 4568 789 4641 ἔχειν,
808 4574 965 4641 demzufolpe
978 4576 1026 4624 dos
1039 4573 1143 4624 Cericbt
1154 4575 1253 4635 jadon
1269 4572 1473 4643 Aupenbla'clt

205 4644 371 4695 cintceten
395 4643 494 4704 lano,
518 4643 572 4693 und
593 4644 664 4694 nicht
687 4652 739 4709 put
757 4660 788 4693 zu
812 4644 866 4714 dem
890 4643 1066 4708 sotpemien
1092 4633 1232 4691 πάντων
1256 4639 1292 4694 δὲ
1316 4637 1353 4694 τὸ
1374 4641 1473 4701 τέλος

203 4698 351 4778 typam

143 4872 229 4904 A.
