3210 5228
171 282 213 341 tt
687 282 794 339 lPsru
810 280 857 348 ΠΙ,
874 279 923 351 21.

174 448 303 506 manetur,
322 458 381 494 cum
400 444 459 509 quia
478 448 615 510 antequam
642 442 672 495 ad
697 445 783 495 lucem
806 443 989 510 hujusmundi
1009 449 1034 495 et
1052 443 1084 495 ad
1102 459 1164 496 suos
1184 443 1328 497 visitandos
1348 443 1451 498 redibat

173 516 240 566 inter
260 513 357 564 inieros
375 513 462 578 egisse
477 510 588 574 videtur,
607 519 661 564 tum
676 513 735 579 quia
755 518 810 564 toto
829 514 879 565 hoc
899 513 958 565 loco
978 511 1009 565 de
1025 512 1233 565 adversariorum
1246 514 1271 565 in
1288 512 1451 567 Christianos

172 581 296 634 violentia
316 581 425 633 maxime
445 595 531 632 sermo
551 588 598 635 est.
628 581 695 643 Quid
713 596 776 633 vero
796 583 962 635 necessitatis
981 584 1050 634 iuter
1067 582 1273 634 Christianorum
1290 572 1404 635 balutem
1423 586 1450 634 et

172 651 265 703 Christi
286 651 505 702 resurrectionem
523 649 682 712 intercedat,
701 651 749 701 sub
770 650 848 702 linem
867 651 945 716 hujus
963 667 1054 704 versus
1072 650 1205 718 significat
1226 654 1338 718 repetita
1360 667 1450 704 resur·

171 721 296 772 rectionis
314 719 454 770 mentione.
491 719 565 771 Nunc
583 734 597 770 a
616 720 722 772 Noacho
741 735 772 771 ex
792 721 856 787 ipsis
875 721 928 772 illis
946 719 1023 772 undis
1047 722 1073 773 in
1098 721 1194 789 quibus
1213 721 1308 789 reliqui
1326 721 1450 788 peribant

172 790 244 842 salvo
264 789 389 855 praestito
409 789 545 840 transitum
560 789 610 840 sibi
629 796 711 856 parat.
734 785 766 838 Ὃ
782 789 849 854 (scil.
869 786 953 869 ὕδωρ)
969 789 1016 840 καὶ
1032 786 1102 859 ὑμᾶς
1120 790 1165 852 (ita
1186 789 1287 842 videtur
1306 790 1395 857 potius
1412 791 1449 842 le·
1479 792 1483 802 “

174 857 299 926 gendum)
319 853 469 908 ἀντίτυπον
487 857 538 907 νῦν
555 851 636 918 σώζει
653 851 795 927 βάπτισμα
813 854 844 908 οῦ
861 873 963 928 σαρκος
980 850 1116 913 ἀπόθεσις
1134 853 1220 927 ῥύπου
1239 852 1305 910 ἀλλά
1325 852 1451 926 συνειδή-

175 943 244 982 σεως
262 923 371 994 ἀγαθῆς
390 919 553 997 ἐπερώτημα
571 923 612 982 εἰς
629 919 711 988 θεὸν,
731 922 773 976 δι’
793 921 970 982 ἀναστάσεως
986 921 1073 994 Ἰησοῦ
1092 925 1223 996 Χριστοῦ.
1252 927 1384 980 Particula
1403 927 1451 978 καί

173 995 286 1048 efficitur
306 999 334 1052 ut
352 994 384 1045 de
402 994 520 1047 salvandi
538 996 563 1046 vi
582 996 607 1046 in
627 994 718 1047 diluvii
737 994 814 1047 undis
832 995 910 1047 simul
929 996 1071 1063 conspicua
1090 996 1246 1064 cogitemus.
1269 998 1355 1065 Atque
1372 996 1451 1048 facile

172 1065 327 1131 intelligitur
344 1064 479 1116 Noachum
498 1071 706 1116 servatum-esse
725 1079 809 1132 aquae
834 1065 991 1117 conminus
1018 1079 1095 1134 quam
1119 1079 1194 1117 arcae
1219 1080 1278 1133 ope.
1317 1066 1354 1117 lle
1376 1071 1452 1133 pote·

141 1152 143 1162 ·
172 1138 239 1187 state
258 1133 333 1185 vocis
352 1127 499 1188 ἀντίτυπος
517 1134 563 1185 cir.
585 1134 785 1201 Wiesingerum.
817 1127 905 1193 Σώζει
924 1148 1049 1200 praeseus
1068 1133 1146 1186 docet
1163 1148 1215 1186 non
1234 1144 1285 1186 tam
1305 1132 1369 1201 quid
1388 1135 1451 1202 bap-

175 1204 251 1256 tismo
270 1204 296 1255 in
316 1201 469 1254 Christianis
488 1201 609 1254 ellectum
628 1203 662 1254 sit
680 1218 760 1269 quum
778 1202 985 1269 inungebantur,
1009 1217 1087 1269 quam
1106 1201 1168 1270 quid
1186 1210 1318 1271 competat
1335 1204 1382 1265 iis,
1406 1204 1453 1271 qui

173 1273 331 1338 baptismum
349 1271 374 1322 in
393 1285 422 1323 se
441 1273 601 1339 receperint,
620 1286 713 1339 nempe
729 1273 800 1324 salus
819 1270 905 1322 medio
924 1272 950 1322 in
969 1270 1059 1324 mundi
1072 1273 1187 1336 judicio,
1199 1270 1303 1340 'quippe
1323 1270 1393 1339 quod
1412 1275 1452 1324 in·

174 1347 254 1394 staret
274 1344 328 1406 jam
347 1338 412 1405 (lv,
430 1343 455 1393 5.
475 1343 506 1404 7)
531 1341 558 1391 in
576 1340 675 1392 diluvio
694 1341 769 1408 quasi
787 1341 999 1408 praeformatum.
1036 1340 1195 1404 tholmano:
1215 1343 1319 1404 „lt‘icht
1336 1359 1392 1393 reas
1409 1343 1453 1394 die

177 1412 259 1474 l'aarfe
276 1411 366 1470 wtrltt,
385 1410 470 1460 todem
488 1413 526 1462 sie
542 1413 688 1478 geschicht,
708 1411 819 1462 sooderrr
836 1428 890 1462 reas
909 1413 957 1461 sr'e
974 1412 1042 1462 dem
1060 1412 1189 1472 laistet,
1211 1412 1321 1462 encletice
1345 1414 1384 1462 sie
1401 1412 1451 1463 hal

173 1498 210 1531 απ
223 1480 278 1530 sich
291 1479 433 1546 gescheheo
446 1479 547 1541 laesere,
562 1490 621 1547 sept
633 1481 678 1530 der
689 1479 824 1546 Apostel.“
843 1478 860 1530 l.
871 1479 886 1529 l.
902 1494 926 1544 p.
937 1481 1006 1542 tea.)
1033 1477 1094 1530 inde
1106 1481 1161 1543 jam
1179 1496 1230 1531 non
1244 1480 1373 1531 immerito
1387 1493 1451 1531 con·

174 1547 300 1607 cluditur,
318 1547 368 1597 hoc
386 1543 446 1596 loco
466 1562 518 1598 nou
538 1546 569 1598 de
588 1547 663 1613 culpa
682 1548 784 1615 peccati
802 1548 828 1597 in
843 1547 972 1614 baptismo
990 1547 1091 1598 sublata
1107 1549 1149 1615 agi
1167 1579 1199 1586 --
1219 1564 1278 1600 uam
1297 1563 1375 1614 quam
1386 1547 1464 1600 llos-³

174 1630 283 1668 manitus
295 1615 322 1676 (l.
334 1616 361 1678 Ι.)
375 1615 505 1668 immiscet
519 1620 602 1666 terrae
619 1633 633 1668 a
652 1618 768 1683 peccatis
787 1615 919 1679 hominum
933 1616 1007 1683 quasi
1019 1622 1145 1683 purgatae
1159 1618 1305 1677 notionem,
1319 1631 1349 1668 ea
1362 1617 1448 1668 aliena

174 1691 214 1737 est
231 1686 263 1736 ab
283 1684 396 1752 apostoli
414 1685 501 1736 verbis
520 1714 551 1723 -
572 1684 618 1736 sed
636 1684 668 1736 de
687 1685 729 1736 illa
748 1684 920 1752 regenerandi
935 1687 958 1736 vi
979 1701 1046 1752 quae
1059 1687 1084 1735 in
1097 1687 1151 1737 vita
1163 1693 1269 1738 aeterna
1280 1687 1386 1753 penitus
1404 1685 1449 1737 de·

174 1757 252 1822 nique
272 1753 390 1805 intranda
409 1756 552 1820 conspicua
571 1759 619 1805 est.
649 1753 676 1805 ld
694 1752 764 1821 quod
783 1756 901 1821 sequitur
919 1770 979 1807 curu
998 1769 1030 1806 ex
1048 1756 1128 1806 totius
1142 1756 1269 1822 epistolae
1284 1763 1339 1806 tum
1355 1756 1450 1809 horum

172 1839 295 1876 versuum
314 1824 423 1874 ratione.

241 1891 280 1944 hd
298 1892 397 1958 reliqua
415 1896 486 1943 recte
505 1892 658 1959 explicanda
678 1892 817 1959 plurimum
836 1893 898 1944 iacit
918 1891 987 1944 istud
1011 1888 1053 1942 δι’
1079 1886 1256 1952 ἀναστάσεως
1273 1890 1362 1961 Ἰησοῦ
1379 1893 1450 1966 Χρι-

173 1962 238 2012 στοῦ
254 1962 302 2014 sub
320 1960 399 2012 finem
417 1959 540 2013 additum.
566 1962 704 2024 Quaeritur
722 1977 773 2028 quo
792 1964 827 2013 sit
844 1960 1022 2022 referendum,
1040 1960 1072 2012 ad
1091 1956 1172 2021 σώζει
1190 1977 1222 2013 an
1242 1963 1274 2013 ad
1293 1978 1322 2014 ea
1341 1964 1450 2030 quibus·
1486 2006 1489 2010 .

69 2028 75 2042 ‘
173 2047 232 2082 curn
251 2031 369 2098 proxime
397 2029 521 2082 cohaeret
539 2024 703 2100 ἐπερώτημα
722 2030 762 2087 εἰς
779 2025 855 2082 θεὸν.
885 2031 922 2082 Ex
941 2032 1062 2113 baptismi
1081 2033 1188 2082 notione
1205 2034 1251 2098 qui
1269 2048 1323 2084 rem
1337 2032 1450 2097 J'udicat,

172 2100 248 2151 facile
273 2115 305 2150 eo
324 2101 438 2151 animum
463 2099 600 2154 adduxerit
620 2106 648 2152 ut
668 2099 833 2169 jungendum
859 2107 965 2153 censeat
988 2102 1070 2160 σώζει
1087 2129 1121 2138 -
1140 2095 1181 2149 δι’
1206 2095 1396 2165 ἀναστάσεως,
1420 2101 1448 2153 id

171 2169 241 2236 quod
260 2169 357 2235 optime
376 2170 409 2220 iis
428 2170 571 2235 respondet
588 2184 654 2236 qnae
674 2171 748 2222 initio
768 2170 895 2236 epistolae
911 2170 1007 2236 scripta
1020 2168 1134 2237 legimus
1149 2169 1233 2235 (t,3):
1254 2166 1312 2220 ὁ-
1329 2166 1448 2239 ἀναγεν·

172 2231 257 2306 νήσας
281 2234 352 2307 ἡμᾶς
369 2235 409 2293 εἰς
427 2231 526 2288 ἐλπίδα
546 2234 637 2298 ζώσαν
656 2235 697 2288 δι’
717 2232 893 2293 ἀναστάσεως
909 2234 997 2305 Ἰησοῦ
1016 2237 1141 2306 Χριστοῦ
1160 2231 1190 2287 ἐκ
1210 2239 1323 2309 νεκρῶν.
1354 2239 1446 2308 Neque

170 2297 356 2360 sententiarum
376 2307 454 2357 nexui
473 2308 567 2358 melius
586 2309 688 2359 consuli
707 2322 785 2374 posse
804 2305 918 2367 videtur,
943 2321 1020 2374 quarn
1039 2322 1118 2374 quum
1137 2308 1218 2360 verbo
1244 2309 1372 2360 enuntiati
1394 2309 1448 2376 pri·

171 2378 252 2427 mario
271 2391 301 2427 ea
321 2375 393 2427 notio
413 2374 567 2437 adstruitur,
591 2391 641 2443 qua
661 2378 736 2444 quasi
757 2377 903 2428 arctissimo
930 2376 1035 2428 vinculo
1061 2377 1139 2428 verba
1162 2383 1250 2429 nostra
1274 2382 1446 2431 annectantur

173 2445 312 2513 participio
331 2442 377 2495 illi'
387 2444 579 2510 ζωοποιηθεὶς.
607 2445 659 2498 Sed
675 2451 761 2498 tamen
782 2447 882 2506 obstat,
902 2446 952 2498 uisi
971 2446 1060 2506 fallor,
1079 2446 1206 2500 enuntiati
1225 2447 1309 2513 ipsius
1323 2447 1389 2498 ratio
1402 2461 1447 2499 ne-

170 2530 271 2581 xusque
288 2530 348 2566 cum
360 2515 477 2579 proxime
489 2513 711 2567 antecedentibus.
738 2514 851 2566 Primum
862 2513 932 2566 istud
941 2508 1023 2575 σώζει
1033 2530 1091 2565 cum
1102 2530 1132 2566 ea
1145 2530 1211 2596 quae
1222 2515 1354 2567 antecedit
1363 2531 1447 2584 aquae

143 2623 146 2635 .
171 2582 392 2635 similitudine‘ita
404 2583 540 2643 cohaeret,
554 2589 583 2634 ut
602 2585 667 2635 haec
678 2585 776 2636 turbari
793 2599 901 2651 prorsus
913 2581 1031 2635 videatur
1043 2585 1065 2635 si
1080 2580 1220 2654 ἀντιτυπῳ
1233 2586 1277 2650 qui
1291 2585 1386 2636 dicitur
1400 2585 1446 2637 im·

171 2653 342 2712 misceamus,
358 2652 434 2715 cujus
449 2653 533 2703 simile
544 2654 571 2703 in
587 2648 662 2724 τύπῳ
676 2655 781 2705 omnino
796 2669 846 2705 non
860 2658 900 2704 est
911 2646 1091 2719 conspicuum.
1116 2651 1187 2713 Quae
1200 2659 1384 2720 comparantur
1396 2652 1447 2706 due

172 2722 282 2773 maxime
302 2728 478 2786 sunt,·aquae
497 2723 569 2773 notio
594 2726 620 2773 et
643 2737 673 2774 ea
698 2738 765 2790 quae
785 2724 873 2775 inesse
899 2720 993 2774 dicitur
1011 2721 1129 2774 salvandi
1152 2724 1200 2774 vis.
1237 2721 1447 2775 Resurrectiouis

171 2791 265 2843 Christi
285 2791 382 2843 mentio
400 2790 427 2841 iu
447 2791 641 2858 comparatione
661 2807 712 2844 non
737 2792 817 2843 habet
838 2793 933 2843 locum.
974 2791 1054 2843 immo
1080 2790 1227 2842 addendum
1251 2798 1307 2862 erat
1329 2792 1379 2854 toi,
1402 2792 1447 2845 ubi

166 2862 236 2927 jam,
255 2875 322 2926 quae
340 2860 462 2927 baptismi
479 2861 585 2928 propria
605 2861 676 2911 notio
695 2866 722 2912 et
738 2861 779 2914 ris
798 2866 868 2912 esset
883 2875 967 2928 aquae
979 2861 1107 2927 simplicis
1120 2859 1255 2912 dissimilis
1267 2862 1357 2929 potius
1370 2877 1448 2929 quam

171 2930 277 2990 similis,
296 2929 511 3013 subjungebatur.
541 2929 609 2980 idern
629 2928 732 2981 videtur
750 2945 782 2980 ex
800 2930 974 2981 collocatione
994 2930 1133 2981 verborum
1151 2931 1235 2996 sequi.
1263 2930 1290 2981 Si
1305 2945 1372 2996 quae
1388 2935 1448 2999 post

171 2999 250 3049 verba
270 2991 351 3058 σώζει
369 3004 511 3067 βαπτισμα
529 3000 731 3065 interponuntur
749 2999 914 3065 parenthesis
932 3000 989 3049 vice
1007 2999 1192 3065 fungerentur,
1216 2997 1273 3049 fieri
1295 3005 1401 3065 posset,
1421 3003 1449 3052 ut

170 3067 219 3119 eub
240 3067 317 3118 tinem
337 3083 429 3119 versus
449 3068 546 3131 majore
566 3069 643 3119 etiarn
663 3083 721 3119 cum
740 3069 766 3118 vi
785 3066 942 3120 adderentur
960 3082 1027 3134 quae
1046 3065 1162 3119 adverbii
1185 3073 1343 3134 potestatem
1368 3069 1447 3120 habe·

171 3143 237 3189 rent.
262 3135 314 3189 Sed
332 3137 471 3188 verborum
491 3138 704 3203 interpositorum
723 3137 788 3189 haec
807 3143 896 3205 aperte
916 3137 981 3188 ratio
1000 3142 1052 3197 est,
1071 3142 1100 3188 ut
1117 3136 1226 3188 alterum
1246 3138 1321 3188 alteri
1340 3138 1448 3203 subjmr·

171 3213 261 3272 gatur,
280 3206 347 3258 etsi
367 3207 536 3289 parenthesis
554 3205 681 3272 quaedam
705 3205 842 3258 statuenda
865 3207 899 3257 sit
923 3206 992 3256 hunc
1015 3206 1102 3257 locum
1127 3204 1213 3272 priora
1237 3207 1316 3258 verba
1341 3211 1448 3260 teneant

170 3269 201 3324 οῦ
210 3268 311 3343 σαρκὸς
320 3271 457 3330 docteque
466 3268 562 3342 ῥύπου,
578 3269 693 3336 ἀλλά-,
708 3290 774 3343 quae
785 3276 931 3341 respiciunt
940 3274 972 3326 ad
982 3289 1064 3342 aquae
1076 3274 1203 3341 simplicis
1213 3282 1339 3337 naturam,
1350 3278 1447 3344 quippe

170 3344 245 3407 cujus
264 3345 395 3396 mentione
415 3345 551 3395 transitum
570 3344 620 3395 sibi
639 3345 747 3411 paravit.
782 3342 892 3403 Accedit
910 3343 980 3410 quod
998 3338 1079 3403 σώζει
1098 3343 1171 3394 verbi
1190 3344 1305 3412 itemque
1323 3344 1446 3412 baptismi

170 3413 241 3463 notio
261 3413 395 3480 nihilque
415 3413 560 3479 explicetur
579 3413 721 3475 desiderat;
741 3413 845 3480 plurimi
863 3420 950 3464 autem
965 3413 1075 3463 interest
1094 3419 1122 3464 ut
1139 3413 1294 3474 habeamus,
1313 3413 1382 3465 uude
1401 3414 1445 3466 ob·

170 3481 321 3533 scurissima
340 3484 384 3534 illa
405 3484 477 3533 notio
497 3476 660 3552 ἐπερώτημα
675 3480 994 3549 quidvehttntelhgatur,
1021 3480 1099 3541 Hinc,
1118 3480 1143 3532 id
1155 3482 1446 3550 quodlocusquemte·

171 3555 234 3602 nent
252 3550 330 3602 verba
350 3547 392 3601 δι’
412 3545 588 3606 ἀναστάσεως
597 3547 684 3618 Ἰησοῦ
695 3550 820 3620 Χριστοῦ
838 3552 898 3603 huic
917 3551 1018 3602 notioni
1028 3551 1175 3617 proximum
1189 3553 1323 3620 postulare
1336 3551 1446 3613 videtur,

135 3638 138 3647 .
172 3634 231 3671 cuna
250 3612 414 3691 ἐπερώτημα
433 3634 463 3670 ea
476 3621 635 3738 conjungas.
672 3619 822 3688 Baptismus
840 3619 934 3671 dicitur
953 3613 1137 3685 συνειδήσεως
1155 3615 1265 3688 ἀγαθῆς
1282 3614 1446 3692 ἐπερώτημα

38 4772 154 4918 Ν

171 3684 211 3744 εἰς
229 3682 299 3739 θεὸν
318 3684 359 3739 δι’
378 3683 555 3744 ἀναστασεως

170 3758 248 3825 spicit
265 3764 317 3809 tam
337 3757 369 3811 ad
389 3758 507 3825 proxime
527 3757 721 3819 antecedentia,
741 3773 820 3826 quum
840 3759 969 3809 internum
989 3757 1110 3824 baptismi
1123 3757 1245 3810 ellectum
1259 3765 1397 3825 opponunt
1407 3758 1445 3810 illi

171 3826 240 3893 quod
265 3843 347 3894 aquae
372 3827 499 3895 simplicis
518 3842 568 3894 ope
592 3826 621 3878 tit
639 3828 758 3894 corporis
776 3827 884 3888 balneo,
903 3843 979 3894 quam
998 3826 1030 3878 ad
1048 3841 1152 3878 versum
1171 3831 1215 3889 td,
1240 3828 1285 3879 ubi
1302 3844 1353 3895 qua
1374 3827 1467 3882 curt·

171 3896 247 3946 stiani
272 3911 330 3948 sese
354 3898 452 3964 ubique
476 3902 608 3963 praestare
632 3895 756 3957 debcant,
781 3897 943 3948 conscientia
972 3896 1036 3946 recti
1065 3903 1295 3957 commemoratur,
1326 3897 1354 3948 id
1375 3895 1445 3964 quod

169 3965 310 4084 Plurimum
329 3967 391 4018 iacit
409 3964 440 4016 ad
459 3965 645 4016 sententiarum
667 3981 760 4017 nexum
779 3973 850 4016 recte
868 3963 1087 4033 perspiciendum.
1117 3963 1252 4017 Summum
1270 3967 1296 4016 in
1315 3967 1445 4018 sententia

182 4045 260 4084 ocum
277 4041 367 4086 tenere
387 4036 454 4087 hanc
474 4035 608 4086 notionem
627 4035 703 4086 facile
722 4035 891 4101 cognoscitur
909 4041 961 4086 tam
980 4034 1146 4085 everborum
1160 4035 1349 4097 collocatione,
1369 4051 1454 4103 quarn·

171 4100 232 4154 inde
252 4101 321 4170 quod
339 4104 366 4154 in
386 4119 416 4156 ea
435 4104 548 4156 maxime'
570 4104 697 4171 cernitur,
718 4102 781 4170 quid
802 4102 962 4156 discriminis
980 4104 1015 4154 sit
1037 4104 1106 4154 inter
1128 4104 1251 4171 baptismi
1270 4109 1295 4155 et
1318 4104 1446 4173 simplicis

172 4186 254 4240 aquae
273 4187 357 4224 usum.
394 4174 459 4226 ilinc
478 4172 580 4224 videtur
605 4172 653 4223 hac
673 4173 779 4223 notione
806 4189 858 4225 non
875 4187 954 4240 posse
974 4188 1025 4223 non
1044 4172 1187 4238 significari
1207 4171 1269 4240 quid
1286 4174 1446 4242 praestiterit
1523 4223 1524 4229 ,

170 4232 316 4309 baptismus
335 4241 368 4293 iis
386 4244 431 4309 qui
450 4259 509 4296 eum
527 4244 554 4293 in
573 4256 602 4293 se
620 4241 791 4309 recepissent.
828 4240 881 4294 Sed
899 4240 1014 4294 additum
1031 4239 1151 4295 videmus
1171 4242 1254 4304 aliud,
1274 4241 1344 4308 quod
1362 4244 1446 4311 magis

172 4311 250 4363 etiam
270 4309 446 4376 explicatione
465 4317 538 4379 eget,
557 4303 721 4380 ἐπερώτημα
741 4307 781 4367 εἰς
798 4305 874 4362 θεόν.
911 4310 948 4364 lle
967 4312 1008 4363 his
1026 4311 1114 4363 verbis
1133 4316 1271 4378 antequam
1296 4310 1328 4362 de
1352 4312 1445 4379 geniti·

170 4381 210 4432 vis
228 4381 281 4432 illis
300 4376 486 4445 dignoscamus
504 4387 546 4434 est
562 4379 754 4448 inquirendum.
782 4382 819 4433 lle
829 4386 958 4448 potestate
973 4381 1046 4432 vocis
1058 4372 1221 4449 ἐπερώτημα
1238 4395 1321 4447 nuper
1339 4378 1444 4434 accura'·

170 4450 269 4502 tissime
294 4447 453 4516 disputatum
477 4458 517 4502 est
536 4449 673 4514 (Besser
696 4450 723 4501 in
743 4450 894 4514 zeitschrift
916 4452 962 4515 fair
981 4449 1206 4500 Pretestnotiemus
1229 4468 1254 4499 rr.
1273 4450 1371 4502 Kircte
1394 4469 1442 4503 corr

173 4519 323 4572 thomasius
341 4536 402 4571 νεα.
422 4519 525 4581 XXXI,
545 4522 560 4570 5
578 4535 603 4586 p.
615 4521 664 4573 293
679 4523 753 4588 sqq.)
773 4520 807 4572 ita
827 4524 855 4571 ut
872 4533 955 4586 pauca
973 4519 1028 4579 ¹fere
1047 4503 1163 4567 addenda
1181 4516 1326 4570 videantur.
1362 4519 1440 4573 Notio

172 4603 200 4650 „s
220 4589 354 4642 ourionisu
373 4601 450 4655 quarn
469 4587 659 4654 amplectuutur
677 4588 714 4641 Ite
732 4587 1006 4648 Wctte·Brneclmer,
1024 4583 1123 4637 lluther
1141 4585 1185 4638 alii
1204 4587 1264 4646 teir.
1284 4591 1376 4647 contra
1393 4588 1441 4642 bos

214 4673 261 4710 ner
272 4656 390 4713 'Gramm
410 4655 451 4710 ed
466 4654 499 4706 vt
516 4671 542 4724 p.
559 4657 633 4720 itt),
652 4672 705 4709 non
722 4656 854 4710 invenitur
872 4658 923 4710 nisi
940 4653 1010 4723 apud
1021 4654 1089 4720 juris
1107 4656 1241 4707 consultos
1260 4657 1367 4710 serioris
1384 4656 1443 4711 aevi

593 3688 659 3755 ησοῦ
677 3688 809 3758 Χριστοῦ.
848 3688 962 3740 Primum
987 3689 1164 3739 conscientiae
1184 3694 1270 3741 rectae
1290 3691 1387 3742 mentio
1408 3704 1446 3741 re·
1527 3728 1529 3739 .
