3210 5228
720 342 901 398 torcanuo.
1042 415 1047 427 Ι
1332 378 1335 383 -
1422 320 1468 401 d'i¹

185 506 276 567 simili
298 509 363 584 jam
392 508 552 568 constituti
575 510 638 568 sint
659 509 813 586 pericnio;
842 501 949 569 namd
977 503 1132 579 ἀντίδικος
1151 501 1240 585 ὑμῶν
1269 509 1369 584 inquit
1397 502 1476 567 ded·-

183 594 278 670 βολος
307 586 348 664 ὡς
377 591 453 654 λέων
475 589 651 673 ὠρυόμενος
680 600 840 670 περιπατεῖ
863 592 961 672 ζητῶν
985 595 1054 654 τίνα
1082 591 1216 675 καταπίῃ
1244 594 1295 671 (V,
1315 594 1361 671 8).
1405 593 1463 655 Im·

185 679 298 756 pendet
323 679 434 756 judicis
464 678 614 741 adventus
639 680 702 757 (ill,
720 683 747 743 5.
770 682 814 756 7).
862 681 974 758 Quiqui
1003 678 1152 741 adversus
1179 678 1292 740 diaboii
1320 680 1462 759 impetus,

186 769 220 825 ut
248 767 300 842 qui
330 768 361 825 iu
384 767 460 843 ipsis
490 767 551 826 illis
574 760 741 844 παθήμασι
771 767 952 828 Christianis
981 783 998 827 a
1026 764 1100 828 fidei
1129 766 1325 827 adversariis'
1347 767 1463 845 paratis

186 852 314 912 maxime
337 857 503 912 cernamur
526 852 597 930 (hl.
622 872 650 915 v.
668 853 721 928 9),
744 853 868 914 fortiter
890 852 1012 932 fideque
1040 857 1161 914 servata
1189 869 1251 912 non
1279 852 1461 925 restiterint,

186 939 317 999 convicti
340 940 490 999 sistentur
508 954 612 1000 coram
627 938 731 1016 judice
754 954 816 999 non
841 940 941 1000 minus
964 938 1055 1017 qu'am
1074 940 1118 1001 illi
1146 939 1199 1016 qui
1221 937 1337 999 Noachi
1360 942 1462 1001 aetate

92 1044 97 1049 ·
187 1041 248 1084 non
272 1025 417 1085 restitere
440 1025 637 1102 maluereqnc
661 1025 761 1091 carnis
783 1024 958 1102 voluptates
981 1027 1069 1103 sequi
1093 1043 1184 1104 quam
1202 1042 1259 1104 per
1275 1024 1370 1085 breve
1386 1028 1463 1086 tem·

141 1116 148 1124 “
185 1127 243 1187 pus
273 1111 375 1171 carnis
404 1110 618 1172 afflictationes
646 1112 708 1188 pati
738 1128 805 1172 cum
834 1109 959 1171 Noacho
984 1113 1071 1189 josto
1101 1111 1153 1172 illo
1180 1112 1248 1173 viro
1282 1115 1314 1171 et
1345 1112 1462 1189 antiqui

185 1194 290 1256 mundi
312 1199 400 1274 quasi
424 1200 594 1259 servatore.

269 1283 330 1342 Pro
354 1284 564 1344 tristissimam
585 1284 762 1361 praeclarae
790 1284 885 1345 sortis
909 1283 1100 1346 Christianae
1131 1286 1405 1362 permutationem,
1435 1285 1463 1344 si

188 1368 300 1446 quibus
317 1369 512 1441 Christianis,
537 1387 629 1447 quum
651 1369 791 1430 Christus
808 1372 1004 1448 appariturus
1027 1377 1090 1442 est,
1115 1386 1176 1431 non
1195 1367 1284 1429 modo
1308 1386 1369 1430 non
1392 1386 1465 1449 gau·

186 1453 318 1515 dendum
337 1455 380 1534 (l,
400 1454 452 1531 8),
478 1455 532 1515 sed
557 1473 654 1533 aeque
671 1474 738 1517 cum
762 1457 831 1518 istis
854 1456 966 1535 quibus
988 1457 1090 1518 statim
1109 1461 1182 1533 post
1204 1456 1465 1543 resurrectionem

184 1542 214 1600 in
231 1558 354 1601 carcere
371 1545 528 1619 apparuit,
552 1559 650 1619 aeque
668 1559 737 1603 cum
760 1544 798 1603 iis
822 1543 874 1621 qui
891 1540 995 1621 judico
1012 1544 1277 1621 appropinquante
1294 1541 1464 1605 adversarii

185 1628 299 1688 inventi
322 1633 395 1687 sunt
413 1628 473 1704 (IV,
490 1627 1201 1705 5.18)contremiscendum.lamentandumque
1220 1629 1280 1690 erit
1297 1646 1389 1707 quam
1406 1644 1463 1707 per

185 1714 284 1774 tluxas
308 1715 409 1774 caruis
433 1713 574 1775 libidines
598 1713 788 1792 perdiderint
810 1716 919 1776 salutis
942 1732 1028 1793 spem
1052 1720 1237 1787 aeternam..
1279 1773 1281 1777 ,

270 1800 351 1860 llaec
373 1799 495 1861 videtur
516 1800 600 1860 Petri
624 1799 662 1860 de
685 1800 799 1860 Christi
822 1800 858 1861 ad
883 1802 1000 1861 animas
1024 1799 1139 1863 diluvii·
1152 1800 1269 1877 judicio
1293 1801 1470 1879 implicatas

116 1932 118 1937 ,
187 1885 339 1946 descensu
363 1887 516 1946 sententia
542 1903 628 1959 esse,
659 1904 748 1963 quam
773 1904 810 1947 ne
839 1905 940 1947 merae
964 1888 1161 1965 conjecturae
1191 1888 1258 1947 loco
1288 1887 1464 1959 habeamus,

187 1977 304 2042 cavent,
323 1974 444 2048 opinor,
461 1978 492 2033 et
515 1971 673 2034 doctrinae
694 1973 778 2050 larga
803 1977 894 2051 atquc
921 1972 1044 2034 indubia
1064 1975 1193 2049 vestigia
1213 1978 1244 2034 et
1262 1991 1369 2050 magna
1387 1989 1466 2050 quae

185 2058 289 2121 inesse
312 2057 433 2118 videtur
455 2076 549 2138 quum
572 2060 792 2120 consolationis
815 2066 879 2121 tum
903 2077 977 2121 vero
1002 2059 1225 2121 adhortationis
1249 2061 1345 2136 copia.
