3210 5228
585 332 589 338 -
685 294 789 351 anrr.
807 294 857 360 lll,
877 292 923 348 19.
1404 287 1445 349 25

168 460 340 521 dicarimet
358 459 417 518 lnoc
441 462 581 535 inprimis
609 458 769 520 dicendum
799 461 894 520 erat.¹
941 459 1036 536 ldque
1064 461 1121 519 fuit
1148 459 1230 535 quod
1256 460 1374 519 rectius
1404 457 1446 517 di·

169 549 315 606 rinarent
328 562 416 622 quam
430 544 669 622 comprobarent
688 552 719 606 et
736 545 938 605 defenderent
956 545 1100 606 doctores
1119 547 1219 605 nostri
1237 550 1361 607 veteres
1378 560 1447 604 cum

171 631 212 693 de
233 630 459 709 praedicatione
481 630 557 691 reali
578 634 682 708 potius
706 649 796 709 qnam
819 632 935 692 verbali
961 631 1018 692 hoc
1041 632 1108 691 loco
1136 633 1186 709 agi
1214 629 1446 690 contenderent.

172 717 211 777 Et
233 713 391 798 κηρύσσειν
406 733 462 792 per
479 733 513 776 se
529 732 604 777 sane
621 718 694 777 nihil
718 718 798 777 aliud
815 719 990 794 significare
1008 723 1124 796 potest,
1148 719 1209 776 nisi
1224 716 1353 779 verbis
1372 732 1447 776 nun·

172 806 251 867 tium
271 804 395 863 referre.
431 802 491 862 Sed
515 820 593 880 quae
617 821 671 864 ore
694 804 890 882 praedicasse
915 804 1068 864 Christum
1091 804 1150 864 hoc
1172 803 1267 866 verbo
1291 802 1445 872 docemur,

173 907 212 951 ea
232 892 263 949 in
283 890 380 966 ipsius
403 891 483 949 vitae
508 895 589 949 statu
613 895 644 951 et
666 895 752 961 actu,
775 907 845 951 nam
868 892 960 950 etiam
990 890 1072 950 istud
1102 889 1265 969 πορευθείς
1291 905 1352 948 non
1380 889 1448 947 sine
1558 892 1564 898 “

171 978 203 1037 ri
223 974 360 1046 additur,
384 976 589 1053 praeformata
611 978 700 1053 quasi
724 983 755 1036 et
777 983 849 1036 ante
872 977 977 1036 oculos
1000 979 1101 1053 posita
1129 977 1226 1037 fnisse
1256 975 1402 1035 discimus
1430 990 1447 1033 e

172 1078 254 1122 nexu
273 1060 475 1125 verborum.²
517 1062 583 1135 Quo
607 1067 709 1122 autem
727 1065 799 1139 jure
823 1079 857 1121 ac
881 1062 970 1122 modo
994 1061 1025 1120 id
1055 1062 1138 1140 quod
1162 1062 1302 1122 Christus
1329 1056 1448 1137 praedi·

170 1149 301 1218 caverit,
324 1163 343 1206 a
365 1144 455 1206 nohis
478 1149 685 1225 restringatur
707 1149 744 1208 ad
767 1151 865 1225 ipsius
889 1148 927 1207 de
949 1155 1050 1208 morte
1073 1149 1231 1210 victoriam
1254 1149 1334 1207 inira
1356 1161 1447 1224 appa-

169 1233 253 1294 rebit
274 1233 387 1294 clarius
410 1250 504 1309 quum
528 1236 709 1308 deuotione
733 1240 764 1294 et
786 1252 844 1296 usu
867 1233 954 1295 verbi
977 1231 1140 1315 κηρύσσειν
1160 1235 1332 1294 accuratius
1355 1233 1447 1292 etiam

127 1366 129 1373 .
166 1319 359 1397 exploratum
382 1321 450 1378 erit.

254 1405 343 1471 Nunc
371 1407 529 1481 quaeritur
558 1412 610 1482 qui
638 1408 754 1467 inerint
780 1407 823 1466 illi
847 1407 958 1484 quihus
988 1407 1129 1467 Christus
1157 1405 1360 1483 praedicavit,
1391 1420 1447 1465 seu

165 1504 249 1569 {puae
273 1490 412 1552 dicantur
438 1488 478 1550 τὰ
499 1490 530 1548 ἐν
552 1495 675 1573 φυλακῇ
698 1488 869 1568 πνεύματα.
906 1492 1021 1567 Quodsi
1043 1511 1080 1552 ex
1102 1492 1166 1552 sola
1192 1509 1269 1552 voce
1288 1484 1448 1566 πνεύματα

136 1577 208 1638 ,σε
231 1594 339 1638 eornm
368 1583 475 1636 natura
501 1578 698 1653 judicandum
728 1586 826 1651 esset,
857 1582 1078 1647 nesciverimus
1106 1577 1178 1655 quid
1206 1584 1379 1656 opponatur
1406 1575 1449 1636 illi

157 1665 224 1742 ,qui
246 1680 346 1742 nuper
368 1662 496 1738 angelos
514 1665 683 1740 significari
701 1668 891 1740 ingeniosius
907 1667 1071 1743 conjecit.³
1104 1665 1185 1724 Usus
1203 1668 1285 1725 euim
1304 1662 1449 1740 loquendi

167 1751 203 1810 in
216 1750 273 1811 No.
286 1750 338 1810 To.
354 1750 397 1809 illi
413 1756 520 1827 aperte
543 1753 640 1827 magis
655 1753 738 1811 iavet
754 1769 844 1828 quam
863 1754 901 1812 iis
919 1755 971 1829 quii
990 1752 1027 1812 de
1046 1753 1155 1813 animis
1172 1757 1364 1811 mortuorum
1383 1765 1448 1809 ser·
1539 1816 1544 1829 ,

168 1852 293 1897 nonem
322 1852 394 1897 esse
422 1840 539 1912 putant.
590 1839 717 1896 Animae
748 1839 975 1910 detunctorum,
1005 1841 1032 1898 si
1061 1838 1140 1898 hunc
1174 1837 1274 1897 locum
1303 1836 1447 1913 excipias,

170 1920 268 1983 semei
289 1924 407 1983 tantum
430 1922 621 1999 appellantur
643 1919 802 1998 πνεύματα
824 1924 914 1984 liebr.
927 1924 994 1996 XII,
1008 1924 1048 1987 23
1072 1919 1334 2000 (αρσςεληλῦθαεε
1355 1955 1394 1966 -
1408 1954 1451 1965 —

166 2005 321 2084 πνεύμασι
352 2006 477 2067 δικαίων
500 2008 787 2084 τετελειωμένων4).
835 2011 869 2069 ln
895 2010 1089 2088 apocalypsis
1118 2009 1198 2068 libro
1223 2007 1327 2085 ψυχαί
1347 2007 1449 2086 appel·

169 2094 273 2154 lantur
287 2093 347 2170 (Vl,
361 2094 389 2156 9.
413 2094 475 2165 XX,
489 2093 552 2166 4).ὕ
579 2093 687 2170 Neque
710 2095 781 2155 inde
804 2095 886 2172 quod
909 2093 940 2155 ἐν
962 2098 1086 2178 φυλακῇ
1109 2096 1243 2155 additum
1266 2101 1316 2154 est
1337 2091 1451 2170 aliquid

168 2182 251 2242 certi
272 2179 373 2256 colligi
395 2186 514 2257 potest,
539 2184 631 2240 immo
654 2181 737 2242 Banr
760 2181 818 2241 hoc
840 2185 941 2258 ipsum
963 2186 995 2242 in
1018 2200 1104 2243 snam
1126 2199 1192 2243 rem
1216 2181 1398 2241 convertit.⁶

258 2265 316 2326 Sed
341 2272 373 2326 et
395 2283 474 2342 quae
497 2272 670 2342 sequuntur
693 2275 818 2343 cogunt,
840 2276 875 2329 nt
904 2268 941 2328 de
970 2269 1145 2329 hominihus
1175 2270 1305 2328 mortuis
1333 2281 1450 2328 sermo·

167 2368 239 2413 nem
267 2367 338 2412 esse
367 2356 552 2424 statuamus,
575 2370 676 2431 neque
700 2356 778 2414 ratio
809 2354 898 2415 deest
924 2354 1005 2416 unde
1035 2355 1111 2416 haec
1140 2354 1322 2432 significatio
1345 2351 1448 2412 deien-
1476 2348 1478 2355 ’

168 2438 269 2498 datur.
311 2438 415 2514 ‘Supra
433 2439 497 2513 jam
519 2441 669 2499 monitum
693 2447 742 2500 est
763 2437 923 2516 πνεύματα
946 2442 1091 2519 appellari
1113 2447 1303 2501 mortuorum
1333 2441 1450 2499 animas

169 2529 325 2604 quatenus
348 2524 422 2583 nihil
445 2524 574 2602 amplius
598 2529 822 2586 communionis
845 2529 886 2587 sit
908 2529 946 2587 iis
969 2544 1037 2588 cum
1060 2544 1153 2587 carne
1176 2532 1208 2588 et
1229 2526 1286 2586 hac
1303 2528 1365 2585 vita
1383 2541 1450 2585 cor·

168 2610 277 2689 purali.
318 2610 420 2670 lnstar
443 2612 578 2670 omnium
600 2611 720 2672 illustre
743 2613 815 2673 illud
845 2614 959 2674 domini
988 2614 1101 2675 dictum
1131 2614 1212 2673 hunc
1240 2629 1330 2673 usum
1359 2611 1450 2672 collu-

168 2701 265 2757 strat:
288 2701 407 2772 πνεῦμα
424 2690 525 2770 σάρκα
542 2697 591 2753 καὶ
609 2695 702 2756 ὀστέα
720 2694 775 2756 οὐκ
791 2694 849 2776 ἔχει
865 2699 937 2760 Luc.
949 2699 1051 2771 XXIV,
1066 2701 1106 2763 39
1119 2700 1155 2760 cf.
1169 2700 1218 2762 37.
1249 2699 1331 2758 Hanc
1346 2693 1451 2758 'autem

168 2786 329 2844 notionem
353 2800 409 2842 cur
431 2783 572 2842 maluerit
594 2784 754 2859 apostolus
777 2787 928 2857 eminere,
959 2802 1049 2845 nemo
1077 2803 1139 2846 non
1169 2785 1260 2846 videt.
1307 2783 1450 2858 Quamvis

169 2870 252 2929 enim
270 2868 411 2929 Christus
424 2884 556 2947 corpore
579 2868 748 2946 glorificato
772 2869 897 2931 indutus
921 2874 1098 2949 apparuerit
1113 2874 1195 2931 inter
1211 2876 1364 2941 mortuos,
1385 2886 1449 2929 car-

169 2970 241 3015 nem
263 2962 365 3015 tamen
390 2954 547 3031 deposuit,
572 2961 604 3014 et
626 2972 687 3031 quo
706 2957 770 3031 jam
793 2959 890 3017 utitur
912 2974 1044 3034 corpore
1072 2957 1231 3034 spirituale
1255 2962 1303 3017 est
1327 2958 1362 3033 [1
1379 2955 1447 3015 Gor.

167 3041 293 3116 xant)
315 3058 430 3117 neque,
454 3042 514 3100 nisi
537 3039 574 3100 ad
598 3044 821 3118 apparitionem
845 3043 996 3119 quandam
1015 3045 1244 3113 immutaretur,
1267 3045 1299 3102 in
1323 3059 1357 3101 se
1380 3043 1448 3117 ipso
1511 3070 1520 3128 g

169 3129 210 3188 ita
228 3134 436 3204 comparatum
457 3132 491 3187 ut
509 3128 650 3188 manibus
666 3132 751 3205 tangi
767 3136 876 3207 posset
894 3129 977 3205 (Luc.
991 3130 1093 3200 XXlV,
1107 3131 1170 3206 39).
1199 3124 1360 3204 Πνεύματι
1375 3125 1449 3199 ζωσ-

168 3215 310 3289 nonnata
333 3219 404 3274 ante
427 3215 529 3272 omnia
553 3231 621 3275 cnm
643 3212 796 3291 ιαεὺμασι
818 3215 913 3275 habet
936 3220 1071 3276 mutuam
1094 3214 1247 3292 quandam
1261 3212 1449 3275 ·rationem.⁷

256 3299 371 3373 Quodsi
388 3299 526 3359 nonnulli
543 3309 672 3379 propter
687 3301 767 3361 hunc
784 3305 944 3363 notionum
962 3306 1144 3363 concentum
1163 3300 1296 3362 redeunt
1318 3299 1356 3360 ad
1373 3301 1448 3360 anti-

171 3408 365 3421 thu—ut*—

239 3454 261 3506 l.
279 3451 411 3504 Delitzsch
430 3455 558 3520 system
580 3456 636 3504 der
655 3456 729 3507 litt.
748 3442 893 3523 Psp'clot
913 3457 992 3508 1855.
1011 3472 1036 3524 p.
1053 3459 1115 3509 357:
1140 3458 1205 3519 „So
1227 3458 1277 3508 den
1299 3455 1393 3507 Todten
1415 3456 1448 3506 im

169 3519 258 3573 Hades
275 3523 343 3573 sicle
367 3523 582 3574 daretellend
602 3527 721 3593 predipte
740 3544 768 3575 er
792 3526 870 3577 idaea
894 3518 1054 3594 (ἐκήρυξεν)
1080 3526 1131 3576 die
1156 3544 1221 3578 σαιι
1244 3524 1449 3594 percoeleste

172 3588 428 3658 Ueterwe‘udunp
446 3594 508 3642 -.“

236 3659 260 3711 2.
280 3658 430 3726 Wiesinger
447 3658 516 3710 idern
535 3659 590 3711 fere
610 3674 642 3711 ex
660 3675 750 3712 eorum
769 3668 838 3713 statu
856 3662 990 3714 concludit
1001 3663 1097 3730 quibus
1109 3663 1215 3715 nuntius
1228 3660 1334 3713 affertur
1352 3677 1377 3726 p.
1388 3662 1449 3712 237:
1555 3698 1566 3720 .

169 3754 219 3788 „·-
231 3744 281 3778 nur
296 3730 357 3778 dass
373 3747 435 3779 man
450 3731 504 3780 siclt
515 3730 554 3779 dei
568 3732 617 3780 den
632 3734 675 3781 des
686 3731 773 3783 deidee
787 3733 956 3784 euikleideten
969 3734 1088 3785 Geietem
1096 3735 1138 3785 die
1148 3733 1286 3798 antipam
1295 3733 1342 3781 der
1358 3730 1448 3779 Waltr-

167 3797 295 3864 nelemamq
316 3799 359 3846 deu·
378 3802 412 3847 εἰη
433 3799 518 3848 Geiste
536 3804 759 3867 ρσρααισᾱσιιρασ,
785 3801 887 3852 leidle'clr
905 3802 1054 3854 voltarum
1072 3802 1159 3852 Herm
1177 3803 1230 3852 und
1246 3803 1332 3849 seiner
1353 3797 1448 3862 aegeu-

167 3874 235 3915 scurt
254 3867 348 3916 undere
368 3883 400 3915 uu
419 3867 517 3917 aenaea
535 3868 597 3930 luot5
616 3895 648 3905 —
667 3869 713 3932 fair·
730 3873 768 3920 se'e
787 3870 892 3920 sacae
910 3873 965 3921 dee
984 3872 1182 3922 Scleauen3“
1202 3896 1232 3905 -
1252 3895 1293 3919 -.

237 3936 260 3986 3.
282 3933 351 3984 Banr
369 3935 446 3984 ttecl.
465 3935 574 3986 latrat.
596 3937 622 3987 Χ
629 3936 655 3998 V,
675 3939 691 3988 2
710 3952 737 4004 p.
753 3939 800 3990 193
816 3951 874 4004 sqq.

236 4009 261 4055 4.
281 4001 481 4054 cinnameos
500 4002 516 4051 l.
535 4002 552 4057 l.
572 4019 597 4070 p.
608 4006 667 4058 346,

236 4075 261 4123 5.
281 4071 319 4122 lle
345 4071 445 4137 angelis
470 4079 522 4122 tam
547 4075 622 4124 malis
640 4090 717 4140 quam
741 4075 819 4126 bonis
839 4080 978 4144 usurpatur
997 4076 1065 4127 πνεῖ·
1124 4072 1192 4126 haud
1212 4088 1281 4125 raro.
1318 4074 1369 4126 Cir.
1388 4073 1449 4126 Luc.

167 4139 203 4200 X,
224 4142 269 4194 20:
287 4135 324 4223 ριὴ
343 4141 456 4210 χαίρετε
475 4137 516 4189 ὅτι
535 4134 568 4189 τὰ
588 4141 732 4214 πνεύματα
751 4141 817 4213 ὑμῖν
836 4141 1030 4197 ὑποτάσσεται.
1055 4146 1063 4194 Ι
1096 4147 1158 4204 ,39.
1194 4142 1271 4195 ileon
1288 4144 1311 4205 l,
1328 4151 1372 4198 14:
1397 4143 1449 4194 lec·
1554 4168 1558 4173 ·

168 4211 589 4362 'ivstitaaaauau
603 4210 684 4346 iet
700 4213 994 4349 adluat
1018 4277 1032 4330 ι
1202 4272 1304 4350 ιιι.
1326 4281 1449 4352 φασι..

169 4362 262 4467 moi.
282 4415 395 4483 Bengel:
414 4380 493 4479 „dum
512 4417 662 4469 viventibus
680 4385 737 4484 egit
753 4421 778 4469 in
793 4434 879 4479 carno,
898 4434 958 4470 cum
972 4418 1107 4485 spiritibus
1125 4419 1153 4470 in
1171 4421 1289 4488 spiritu“
1315 4420 1355 4472 Ad
1373 4434 1449 4472 usum

169 4485 196 4537 lo
216 4484 295 4536 uendi
314 4487 520 4540 collustrandum
533 4487 638 4552 juvabit
656 4487 733 4537 etiam
753 4489 873 4540 conferre
892 4487 1021 4554 Stephani·
1035 4488 1114 4540 verba
1132 4490 1189 4540 Act.
1208 4489 1266 4551 Vll,
1284 4493 1316 4542 39
1340 4489 1385 4540 cir.
1405 4489 1448 4543 Ps.

239 4554 262 4615 l,
281 4559 296 4606 6
315 4555 380 4606 Lllll
398 4564 425 4607 et
442 4555 576 4610 attendere
595 4555 626 4607 ad
651 4569 725 4606 usum
745 4557 932 4608 vocabulorum
953 4552 1096 4627 πνεύματα
1121 4566 1147 4610 et
1168 4560 1260 4628 ψυχαί
1282 4573 1366 4625 paene
1389 4575 1449 4626 pro-

170 4624 319 4745 gullscrfflm.1
352 4624 402 4675 Gir.
428 4626 491 4678 Dan.
512 4626 544 4678 lli
570 4625 640 4678 Cant.
658 4626 743 4689 Asarj.
768 4640 792 4676 v.
811 4628 844 4679 63
866 4621 1011 4697 πνεύματα
1038 4625 1086 4678 καὶ
1110 4626 1199 4696 ψυχαὶ
1223 4625 1348 4679 δικαίων.
1388 4628 1447 4697 Sap.

190 4707 224 4743 a.
281 4729 287 4751 ,
325 4731 329 4742 .
955 4730 958 4735 .
