3210 5228
203 282 243 349 52
382 258 388 274 ’
732 287 897 356 renum,
918 287 946 344 e.

202 452 326 517 habere.
374 449 459 534 Σάρξ
481 457 547 515 sive
570 457 681 515 fluxam
706 461 737 515 et
758 454 896 531 fragilem
919 454 1052 514 hominis
1076 471 1136 529 qua
1158 458 1207 514 est
1229 455 1260 513 in
1278 452 1335 513 bac
1350 446 1412 514 nita
1429 472 1482 514 na-

204 543 302 599 turam
326 542 365 618 (1,
381 541 431 602 24.
454 542 512 610 Ill,
530 541 579 617 18)
604 541 729 602 denotat
751 544 816 601 sive
838 541 954 618 peccati
974 544 1129 600 notionem
1149 540 1237 600 simul
1257 541 1406 612 continet,
1430 558 1482 601 us-

203 642 387 703 quequaque
419 626 617 703 abjudicanda
640 634 690 688 est
713 627 750 688 ab
773 629 894 687 homine
915 627 1056 702 'corporis
1078 631 1162 686 terra
1186 628 1321 687 concreti
1345 631 1479 700 exserte,

203 712 315 788 quippe
339 729 400 788 quo
423 712 489 772 solo
513 712 604 790 hujus
625 713 730 774 caduci
754 719 785 775 et
802 714 1001 773 contaminati
1016 711 1119 772 inundi
1134 715 1254 773 fruatur
1269 713 1479 774 commercio.¹

202 796 265 857 lloc
289 798 369 874 quod
395 801 466 858 novi
490 803 665 860 testamenti
688 800 746 859 loci
764 804 919 859 testantur
936 801 1088 867 sexcenti,
1113 801 1242 859 maxime
1264 798 1348 858 Petri
1370 801 1400 858 in
1421 799 1479 859 bac

203 884 332 960 epistola
355 883 500 960 loquendi
525 902 600 945 usus
624 889 724 962 potuit
746 883 893 949 docere.²

287 986 455 1047 Plurimum
468 993 569 1048 tamen
587 988 733 1049 debemus
748 991 815 1050 viro
831 988 874 1049 illi
889 987 995 1058 docto,
1014 986 1095 1062 quod
1110 990 1200 1064 qu'am
1215 987 1373 1063 postulant
1386 987 1482 1048 verba

203 1077 377 1134 structurae
394 1076 545 1133 rationem
562 1092 629 1135 eam
646 1092 705 1135 non
721 1077 843 1150 negavit
858 1078 986 1150 propter
1002 1076 1173 1133 sententiae
1189 1070 1397 1134 difficultatem
1410 1072 1481 1133 inde

203 1164 391 1220 nascentem.
436 1159 579 1220 Proiecto
607 1161 683 1221 baec
707 1166 756 1221 est
777 1160 895 1237 periodi
919 1165 1045 1219 nostrae
1068 1160 1161 1231 ratio,
1190 1163 1224 1218 ut
1247 1161 1381 1220 emistus
1403 1160 1481 1221 alter

103 1273 106 1279 ·
203 1246 331 1306 alterum
353 1262 487 1321 sequens
504 1242 902 1324 (εὐηγγελίσθη-κριθῶσιν)
920 1245 1088 1320 significet,
1112 1244 1197 1321 quid,
1220 1244 1272 1305 ubi
1290 1245 1483 1322 evangelium

202 1348 263 1392 non
279 1335 454 1390 recusatum
474 1333 581 1402 inerit,
602 1331 861 1408 praedicationem
877 1332 1022 1391 continuo
1038 1337 1179 1391 secutum
1197 1333 1252 1402 sit,
1274 1331 1482 1410 copulantem

203 1414 305 1477 addito
330 1416 480 1493 J'udicium
507 1420 714 1494 restringatur
745 1435 805 1478 non
833 1417 869 1477 ad
893 1416 1005 1492 aliquid
1029 1416 1110 1494 quod
1135 1416 1296 1493 aliquando
1319 1416 1482 1478 habuerint

203 1503 253 1566 vel
275 1501 352 1562 adeo
375 1501 508 1562 habituri
527 1505 589 1564 sint
611 1506 663 1580 qui
675 1503 868 1580 judicentur,
893 1501 948 1563 sed
965 1520 1026 1580 quo
1042 1511 1114 1562 tunc
1133 1502 1261 1579 praediti
1282 1509 1371 1563 erant
1387 1522 1482 1580 quum

203 1593 235 1651 et
262 1585 495 1665 praedicabatur
523 1586 715 1666 evangelium
738 1597 770 1650 et
792 1589 996 1650 exercebatur
1018 1588 1175 1666 judicium.
1219 1588 1288 1648 dam
1312 1605 1386 1650 sane
1408 1589 1483 1649 nibil

201 1674 403 1750 relinquitur,
427 1677 487 1734 nisi
511 1682 544 1736 ut
566 1681 618 1735 aut
641 1678 771 1737 mortuis
794 1693 916 1735 carnem
939 1674 1149 1735 vindicandam
1172 1691 1243 1735 csse
1266 1678 1361 1735 invito
1377 1675 1482 1738 Nili,

203 1778 263 1822 usu
280 1759 497 1832 concedamus,
521 1767 574 1822 aut
590 1761 781 1839 evangelium
797 1761 1005 1842 praedicatum
1023 1778 1093 1821 esse
1114 1762 1183 1820 istis
1195 1761 1371 1821 bominibus
1387 1779 1482 1838 quum

203 1864 325 1908 carnem
356 1848 522 1908 etiamtunc
552 1847 704 1908 baberent
728 1850 747 1909 i.
771 1866 797 1912 e.
823 1853 986 1924 antequam
1009 1849 1070 1907 vita
1095 1852 1202 1906 essent
1224 1849 1344 1924 egressi
1366 1852 1482 1908 statua·

203 1933 304 1995 mus³
356 1932 432 1992 Huic
461 1935 597 2010 opinioni
628 1935 816 2010 suffragatur
845 1938 876 1993 et
904 1935 1074 1993 sententiae
1105 1935 1310 2010 perspicuitas
1339 1938 1371 1993 et
1400 1932 1482 2010 qnod

204 2019 324 2079 maximi
341 2020 488 2078 momenti
500 2024 549 2079 est
561 2018 729 2096 aequabilis
743 2020 899 2081 doctrinae
913 2020 1128 2099 conformatio,
1146 2036 1215 2078 uam
1228 2037 1284 2097 per
1297 2023 1393 2080 totam
1405 2021 1482 2079 seri·

203 2110 324 2184 pturam
347 2121 465 2164 sacram
481 2112 606 2182 praeter
624 2105 704 2167 hunc
721 2106 821 2166 locum
837 2106 1049 2166 obscuriorem
1065 2104 1202 2181 quidem,
1227 2109 1271 2165 uti
1286 2122 1394 2166 omnes
1409 2122 1481 2165 con·
1573 2146 1577 2151 -

202 2187 354 2262 cedunt,⁴
376 2189 546 2251 inauditum
568 2209 698 2268 prorsus
722 2197 770 2264 est
792 2191 919 2267 dogma,
944 2196 1135 2251 ruortuorum
1158 2193 1266 2252 animis
1290 2192 1483 2268 evangelium

203 2293 275 2337 esse
293 2274 511 2352 praedicatum.
546 2276 679 2336 Proinde
697 2295 733 2337 ca
750 2276 860 2347 verba,
884 2294 962 2353 quae
978 2294 1151 2353 repugnare
1168 2280 1340 2337 sententiae
1355 2280 1482 2338 nostrae

98 2426 101 2431 ,
203 2364 391 2438 interpretes
419 2361 557 2439 plerique
586 2362 787 2433 contendunt,
820 2365 992 2423 accuratius
1016 2361 1220 2438 exploremus.
1264 2365 1357 2423 Juvat
1378 2369 1482 2424 autem

204 2450 378 2508 auctoritati
406 2465 578 2508 consensus
607 2447 687 2508 illius
715 2466 812 2527 paene
841 2450 976 2508 unanimi
1005 2465 1161 2525 opponere
1197 2451 1301 2508 statim
1329 2448 1366 2508 ab
1393 2450 1480 2509 initio

203 2534 413 2594 testimonium
440 2535 496 2594 viri
526 2533 622 2607 docti,
652 2552 743 2612 quem
774 2534 830 2595 lrae
853 2540 937 2595 certe
961 2537 992 2594 i'n
1014 2552 1049 2594 re
1072 2535 1211 2611 partibus
1235 2533 1361 2596 studere
1384 2537 1481 2611 magis

203 2637 293 2698 quam
324 2621 446 2680 veritati
475 2637 564 2681 nemu
594 2621 799 2693 contenderit,
830 2621 924 2680 Bauri
946 2620 1169 2697 'lubingensis
1194 2623 1246 2697 qul
1269 2638 1367 2698 nuper
1390 2621 1426 2697 (l.
1445 2621 1482 2696 l.)

204 2704 333 2768 similem
364 2711 456 2781 atque
484 2723 541 2766 nos
572 2705 610 2765 de
642 2710 772 2767 mortuis
802 2706 862 2766 illis
891 2709 1080 2783 proposituri
1110 2723 1218 2766 sumus
1248 2707 1481 2784 explicationem

202 2795 347 2870 peracute
369 2790 462 2851 Petro
483 2791 681 2852 vindicarit.⁶
1281 2818 1284 2823 ·

287 2896 356 2954 Jam
385 2892 565 2954 accedamus
596 2893 633 2952 ad
662 2892 786 2955 versum
815 2896 954 2971 quintum
986 2896 1114 2973 ejusque
1145 2912 1214 2954 cunr
1243 2901 1331 2955 sexto
1359 2913 1481 2956 nexum.

203 2982 302 3043 Versu
338 2983 446 3057 quinto
480 2978 684 3053 adversariis,
723 2999 762 3040 ne
794 2980 875 3040 ultra
909 2980 1032 3057 probris
1069 2985 1100 3039 ct
1133 2980 1300 3041 maledictis
1333 2990 1483 3043 vexarent

202 3072 339 3130 sanctam
367 3065 609 3126 Christianorum
630 3068 734 3138 vitam,
766 3068 964 3126 annuntiatur
986 3065 1135 3142 Judicium
1159 3085 1175 3126 a
1200 3066 1323 3128 Christo
1342 3067 1481 3130 redituro

202 3155 374 3216 imminens.
424 3152 519 3227 Quem
548 3168 658 3213 nexum
687 3153 738 3230 qui
767 3151 1008 3212 consideraverit
1035 3151 1109 3211 nihil
1132 3153 1270 3228 profecto
1299 3158 1400 3214 minus
1429 3172 1481 3215 ex-

270 3376 294 3427 1.
314 3373 380 3423 llinc
398 3387 475 3439 supra
493 3365 526 3424 ἐν
543 3375 634 3443 σαρκί.

172 3501 175 3505 .
269 3462 292 3512 2.
313 3458 363 3510 cn.
374 3474 440 3525 quae
451 3459 482 3509 ab
493 3458 669 3525 Engelbardto
686 3461 832 3512 rectissime
844 3466 934 3512 contra
945 3458 1092 3510 Guederum
1103 3458 1267 3526 disputantur
1285 3461 1302 3512 l.
1314 3461 1331 3511 l.
1343 3478 1369 3528 p.
1379 3464 1429 3515 277
1440 3477 1479 3530 sq.

269 3546 294 3598 3.
313 3544 441 3596 Lutberus
460 3544 645 3604 (commentar.
664 3545 696 3597 ad
712 3545 781 3598 Petri
799 3562 859 3614 epp.
878 3546 997 3599 ao.1523
1017 3544 1126 3612 0pp.lll
1141 3562 1165 3612 p.
1177 3547 1305 3615 799sqq.)
1325 3547 1426 3615 etipse
1446 3563 1478 3598 ex

203 3615 254 3666 boe
272 3613 389 3664 membro
408 3611 480 3663 finali
495 3611 663 3676 judicandam
684 3621 776 3666 censet
794 3615 964 3667 sententiam:
984 3614 1152 3675 „DieWorte
1169 3616 1395 3689 capessiturum,
1415 3617 1478 3668 dass

145 3680 147 3685 ’
202 3683 274 3739 nicht
291 3683 371 3735 alteias
388 3683 437 3732 den
449 3681 608 3749 lebendipen
620 3685 669 3734 das
682 3684 851 3751 Evanpelium
868 3683 1003 3751 pcprediqt
1021 3701 1080 3750 sep,
1098 3684 1210 3733 condem
1222 3686 1290 3736 auch
1302 3686 1352 3735 deu
1367 3684 1479 3748 radten,-

201 3753 257 3804 uud
274 3757 385 3803 errent
402 3751 467 3801 doct
485 3752 567 3811 datu,
591 3754 653 3804 durs
677 3756 715 3804 sie
738 3755 864 3819 pericbtet
886 3753 987 3803 werden
1004 3753 1073 3803 aeccle
1095 3753 1152 3803 dem
1171 3751 1306 3805 Meneclem
1325 3771 1372 3805 am
1391 3754 1480 3806 xter-

203 3821 285 3874 sete.
315 3818 385 3870 Nun
404 3819 510 3870 talen
528 3823 627 3884 sieja
644 3823 735 3873 nicht
755 3821 902 3887 Fleajsclm
922 3821 1036 3872 darum
1054 3821 1142 3871 lanu
1161 3838 1193 3871 cs
1211 3823 1306 3874 uicbt
1323 3832 1481 3874 ceretan-

202 3890 262 3941 δικ
276 3890 404 3940 werden
422 3889 580 3939 deuncos
597 3890 657 3940 den
674 3890 895 3957 Ledendiqeu.
924 3888 964 3940 Es
982 3893 1028 3941 ist
1048 3892 1120 3940 eine
1139 3890 1365 3942 munderla'clse
1380 3890 1479 3955 Rode,

203 3974 258 4010 toas
277 3976 303 4009 es
321 3958 389 4009 duab
411 3960 459 4018 ist,
479 3958 509 4008 od
528 3958 574 4007 der
594 3957 656 4010 Text
673 3976 742 4025 pana
762 3977 794 4009 aaa
810 3978 860 4010 uns
884 3959 1000 4010 hommes
1024 3959 1085 4008 oder
1109 3959 1137 4009 od
1161 3967 1240 4009 etwas
1265 3958 1478 4028 berauspesallen

202 4029 254 4088 asi,
272 4029 346 4077 weiss
364 4025 406 4077 icit
423 4027 522 4079 nieht.“
559 4024 609 4079 Gsr.
628 4027 664 4079 ib.
684 4042 708 4093 p.
722 4029 785 4079 800:
810 4029 894 4089 „ch
917 4027 1004 4078 laun
1029 4028 1087 4077 den
1111 4025 1281 4079 Veretund
1302 4030 1397 4080 nieht
1421 4047 1481 4081 an·

203 4096 351 4153 nahmen,
371 4095 449 4145 dass
475 4096 534 4145 den
557 4095 678 4147 Todten
694 4098 759 4147 rand
782 4094 1006 4146 Vcrrtorlmen
1026 4097 1087 4146 das
1106 4094 1324 4164 Evunqels'um
1343 4098 1411 4148 roll
1426 4116 1480 4165 pe·

201 4164 336 4233 prsdtqt
353 4165 441 4225 seim
465 4181 491 4213 es
509 4171 579 4214 codro
596 4165 664 4215 denas
682 4166 744 4215 dress
762 4166 801 4215 St.
813 4165 889 4215 Peter
907 4165 955 4214 dus
968 4181 1072 4230 meyde,
1091 4166 1153 4216 dass
1172 4166 1221 4216 das
1231 4165 1403 4232 Eauapels'um
1417 4167 1476 4235 frey

204 4248 355 4300 uusquequo
372 4232 427 4281 und
443 4231 544 4283 siderali
561 4233 702 4285 msebdlleu
724 4250 768 4298 sep
789 4231 860 4297 (col.
878 4232 904 4291 1,
920 4233 973 4297 23)
993 4234 1048 4283 und
1065 4233 1151 4284 weder
1167 4252 1214 4285 eor
1234 4232 1328 4285 Todtcn
1346 4235 1413 4287 nacla
1432 4233 1477 4286 Le·

204 4302 344 4368 dandique,
364 4299 447 4350 caeder
464 4317 511 4351 eor
527 4301 576 4351 deu
595 4301 695 4368 Eropclu
712 4302 779 4353 nacla
796 4318 843 4352 vor
860 4301 909 4352 deu
932 4300 1036 4365 Teufcln
1054 4302 1223 4370 oerquen.“

270 4387 295 4439 4.
314 4383 444 4446 Quantum
464 4383 568 4451 quidem
580 4385 790 4450 'sciollelitzscb
808 4387 882 4438 solus
900 4386 974 4437 locos
993 4391 1098 4438 nostros
1117 4391 1128 4439 l
1145 4387 1215 4439 Petr.
1230 4386 1277 4447 lli,
1296 4390 1328 4441 18
1343 4401 1382 4455 sq.
1408 4387 1448 4450 lV,
1463 4392 1479 4444 6

204 4454 267 4508 solis
285 4455 344 4507 luce
363 4450 488 4505 clariores
507 4455 746 4518 (‚,sonneollar“)
765 4471 823 4509 esse
837 4454 968 4521 judicavit
986 4457 1066 4519 (Bitl.
1086 4455 1186 4521 Peyclr..
1206 4457 1314 4522 pass).

271 4543 294 4592 5.
313 4539 468 4591 Accuratius
487 4538 564 4590 etiam
583 4541 731 4607 nuperrime
746 4540 907 4608 Eugelbardt
920 4543 986 4594 hanc
1005 4541 1159 4593 sententiam
1178 4539 1295 4593 defendit
1312 4542 1478 4609 (Zeiteclsrin

201 4610 247 4672 fiir
263 4610 332 4662 Prot.
351 4628 377 4661 u.
397 4607 500 4660 Kircbe.
521 4607 654 4677 Erlanpcn
669 4611 741 4663 1856
761 4611 864 4672 XXXI,
885 4614 940 4664 dd
957 4626 983 4676 p.
994 4612 1044 4663 227
1056 4610 1134 4676 sqq).
1171 4608 1220 4665 dtr.
1239 4609 1377 4662 Holmanni
1395 4611 1476 4664 inter·

201 4677 372 4744 pretationem
392 4676 593 4742 (Schriftdeweis
613 4679 653 4740 ΙΙ,
673 4681 685 4730 1
705 4679 791 4744 p339
808 4683 887 4745 sqq).
1244 4713 1248 4729 ι
1439 4726 1442 4731 .
1473 4730 1479 4736 .
