3210 5228
692 315 795 371 lPrru.
814 314 859 382 lv,
879 314 906 371 6.
933 394 936 421 Ι
1355 306 1360 321 ‘
1393 316 1433 376 57

162 477 325 536 testatis
347 478 490 536 mentio
518 477 564 536 lit
591 496 760 556 spesque
786 481 1018 557 proponitur
1045 479 1125 539 iore
1156 486 1193 539 ut
1216 484 1342 541 omnia
1372 481 1435 541 ad·

162 564 425 622 versariorum
448 564 619 624 convicia
642 564 934 641 perChristum,
961 564 1106 642 quando
1131 583 1210 625 cum
1234 565 1302 626 hac
1322 574 1434 644 pote-

163 652 267 708 state
297 649 543 725 appariturus
574 651 640 722 sit,
664 649 812 711 tandem
837 652 1111 712 confutentur.

247 735 346 794 Facile
376 737 465 794 etiam
488 741 633 812 apparet„
662 737 718 796 hac
747 739 866 797 ratione
895 739 992 814 ipsam
1022 737 1129 798 mortis
1159 739 1316 797 notionem
1344 756 1434 815 quam

163 821 291 880 maxime
315 822 450 880 eminere
480 823 511 880 iu
533 839 608 882 voce
636 820 743 901 νεκροί.
788 823 856 884 Non
880 825 959 883 enim
983 827 1177 883 attenuemus
1201 825 1357 885 notionem
1380 825 1431 896 ita,

162 911 197 967 ut
218 905 291 965 nihil
315 908 468 966 contiueat
490 909 550 967 nisi
573 925 655 967 nunc
678 925 733 968 cos
755 927 816 969 non
833 911 937 970 vivere
961 911 1013 987 qui
1032 908 1193 986 aliquando
1210 911 1353 983 vixerint;
1377 910 1431 971 sed

162 992 219 1053 hos
243 992 369 1068 intelligi
392 992 546 1065 volumus,
571 995 624 1072 qui
652 1013 745 1071 quum
767 996 798 1054 in
820 997 994 1073 propinquo
1019 995 1132 1064 Christi
1154 995 1253 1056 reditu
1286 997 1367 1056 inter
1389 998 1432 1057 vi·

162 1096 219 1138 vos
242 1083 508 1155 exspectarentur,
533 1085 664 1140 mortem
685 1087 787 1141 tomen
809 1083 893 1157 passi
917 1086 1030 1142 essent.
1063 1079 1171 1157 Neque
1187 1073 1300 1141 diserte
1324 1080 1431 1142 distin-

162 1167 228 1242 guit
248 1165 407 1241 apostolus
431 1167 510 1224 inter
533 1165 640 1226 fideles
668 1172 698 1225 et
723 1166 857 1227 fidelium
885 1167 1089 1228 adversarios.
1135 1166 1211 1241 Quid
1240 1185 1313 1227 vero
1341 1185 1432 1229 evan-

161 1251 232 1329 gelii
254 1250 441 1327 praedicatio
466 1253 589 1312 omnino
613 1253 736 1313 efficere
766 1253 936 1325 voluisset,
957 1270 1018 1312 non
1047 1258 1169 1329 poterat
1190 1253 1219 1313 h.
1239 1252 1256 1311 l.
1287 1251 1345 1313 dici
1374 1256 1433 1314 uisi

163 1338 203 1397 ita
232 1342 267 1397 ut
296 1336 543 1398 adversariorum
571 1340 705 1400 convicia
728 1338 905 1417 repelleret,
929 1339 1171 1400 Christianorum
1195 1341 1310 1399 sortem
1332 1338 1434 1400 lauda-

161 1427 217 1484 ret.
266 1422 299 1482 Si
321 1422 358 1481 ad
380 1423 577 1499 Engelhardti
599 1427 751 1486 rationem
775 1425 811 1485 de
835 1427 967 1492 mortuis,
991 1443 1007 1485 e
1035 1424 1169 1485 fidelium
1191 1442 1319 1485 numero
1350 1425 1433 1503 loqui

161 1510 310 1570 voluisset
335 1509 509 1586 apostolus,
531 1528 591 1572 non
615 1515 739 1588 poterat
760 1518 821 1572 non
844 1511 975 1590 adjicere
1003 1510 1050 1572 vel
1073 1503 1160 1587 ὑμῶν
1182 1510 1230 1571 vel
1253 1510 1283 1568 lv
1305 1507 1435 1592 Χριστῷ

161 1595 209 1655 vel
237 1596 344 1655 simile.
391 1595 451 1656 Sed
480 1596 540 1656 tale
571 1597 644 1674 quid
672 1599 703 1657 in
732 1599 891 1676 proposita
919 1598 1118 1675 explicatione
1147 1613 1207 1657 non
1232 1595 1432 1659 desideratur.

95 1755 101 1769 ,
161 1680 237 1741 Nam
260 1699 321 1741 nou
341 1689 532 1742 mortuorum
555 1683 666 1760 singull
681 1683 810 1760 singulis
834 1689 1045 1762 opponuntur,
1065 1682 1118 1743 sed
1142 1685 1254 1743 mortui
1277 1685 1434 1759 speciatim
1505 1702 1508 1713 ·

162 1770 440 1828 commemorantur
462 1774 613 1845 quatenus
636 1775 734 1829 morte
758 1771 881 1831 omnino
905 1771 1058 1831 turbatum
1083 1768 1203 1830 videtur
1225 1768 1298 1830 illud
1322 1769 1433 1830 Christi

161 1853 318 1914 redeuntis
344 1854 494 1930 judicium
521 1857 603 1915 inter
629 1855 824 1916 adversarios
853 1860 884 1916 et
911 1855 1018 1916 fideles
1044 1854 1233 1916 discernens.
1284 1854 1366 1915 Hauc
1393 1853 1433 1916 oh

161 1958 284 2001 causam
306 1941 407 2016 potuit
428 1943 520 2001 etiam
540 1947 656 2022 νεκροῖς
671 1943 801 2002 retineri
818 1960 911 2019 quum
927 1960 964 2002 ex
983 1946 1089 2002 nostra
1113 1941 1313 2018 explicatione
1328 1944 1433 2018 potius

161 2031 392 2103 exspectaretur
415 2029 577 2087 θανοῦσιν.
611 2029 792 2088 Aretissime
812 2030 892 2088 enlm
915 2026 1060 2089 cohaeret
1082 2046 1150 2088 cum
1174 2028 1325 2088 sententia
1348 2024 1432 2089 autel

161 2111 301 2184 cedente,
326 2112 440 2172 Christi
458 2112 572 2190 judicis
589 2118 776 2191 potestatem
793 2115 896 2177 valere
915 2117 945 2175 iu
961 2118 1100 2175 mortuos
1116 2131 1213 2191 aeque
1232 2117 1323 2190 atque
1336 2114 1433 2180 vivos.

161 2200 262 2276 Atque
283 2200 327 2258 sic
345 2199 509 2260 scribentis
524 2201 603 2259 ratio
623 2200 813 2261 informanda
837 2207 886 2262 est
899 2203 1013 2273 animo,
1034 2202 1122 2278 quasi
1142 2204 1214 2276 post
1236 2199 1311 2260 haec
1333 2206 1432 2280 κρῖναι
1529 2258 1532 2264 a

162 2282 279 2358 ζῶντας
299 2284 348 2363 troi
371 2277 494 2366 νεκρούς
518 2288 562 2346 sie
584 2289 769 2364 perrexerit:
793 2282 838 2347 ὅτι
864 2284 987 2369 νεκροῧς
1008 2284 1094 2364 λέγω,
1111 2287 1159 2345 καὶ
1177 2281 1298 2357 τούτοις
1316 2280 1434 2364 εὐηγγε-

162 2369 257 2447 λίσθη
281 2369 322 2441 εἷς
344 2375 435 2431 τοῦτο
455 2369 508 2430 ἵνα
530 2373 595 2432 κτλ.
620 2409 660 2443 ,-
682 2373 716 2433 ln
741 2375 871 2435 mortuis
886 2377 991 2445 etiarn,
1015 2373 1062 2434 vel
1083 2373 1115 2432 in
1137 2373 1175 2432 iis
1195 2389 1286 2449 quam
1305 2373 1433 2433 maxime

163 2457 334 2534 apparebit,
351 2458 381 2515 in
399 2463 546 2534 quantum
564 2459 644 2520 vitae
664 2458 803 2520 damnum
820 2461 901 2520 lexa
918 2461 1040 2520 Christo
1055 2461 1087 2519 in
1103 2458 1260 2536 euangelio
1275 2459 1434 2536 proposita

164 2547 341 2620 spernatur,
366 2548 479 2620 quanto
503 2561 570 2604 cum
593 2545 696 2605 fructu
719 2546 918 2622 observetur3
937 2552 1074 2607 extremo
1093 2543 1208 2623 judicio
1231 2561 1281 2604 res
1301 2542 1433 2621 denique

163 2628 353 2691 decernetur.
399 2631 518 2703 Quanto
546 2632 670 2707 gravior
699 2633 743 2691 sic
772 2633 905 2692 efficitur
932 2632 1099 2703 sententia,
1130 2649 1188 2709 qua
1215 2628 1325 2690 finitur
1346 2631 1432 2707 quasi

163 2716 403 2793 argumentatio,
426 2732 517 2793 quam
540 2716 567 2774 si
590 2715 786 2778 additamenti
810 2717 967 2796 cujusdam
990 2717 1089 2779 locum
1113 2722 1219 2776 tenere
1243 2716 1434 2777 existimatur

162 2820 272 2863 versus
296 2806 418 2874 sextus,
442 2803 519 2862 hanc
541 2801 589 2862 vel
608 2802 687 2864 illam
703 2805 888 2881 singularem
906 2802 1141 2864 sollicitudiuem
1160 2800 1339 2880 dispellens,
1363 2801 1435 2863 huic

162 2888 209 2948 vel
224 2888 407 2949 illinotioni
430 2888 535 2949 nescio
558 2905 648 2965 quam
671 2888 816 2967 adjiciens
838 2890 1077 2951 annotationem!
1112 2889 1210 2965 Quam
1225 2889 1333 2948 mirum
1350 2886 1433 2949 deni·

160 2993 219 3051 que
241 2975 367 3035 fecisset
391 2974 564 3052 apostolus,
592 2977 621 3035 si
643 2992 755 3036 novum
778 2981 810 3036 et
831 2975 1000 3037 inauditum
1023 2973 1131 3052 dogma
1154 2972 1297 3052 idemque
1317 2975 1433 3051 gravis-

161 3063 229 3121 simi
250 3063 396 3122 momenti
414 3060 579 3138 adje'cisset
599 3062 644 3122 sic
660 3063 690 3121 in
706 3061 835 3139 quadam
853 3066 1063 3134 annotatione,
1086 3077 1147 3140 quo
1163 3060 1222 3121 loci
1244 3061 1366 3120 minime
1383 3059 1433 3120 de-

163 3147 332 3219 sideratur,
356 3147 406 3207 uhi
431 3149 603 3208 sententiae
626 3166 682 3225 per
705 3165 739 3208 se
755 3149 942 3210 clarissimae
958 3150 1106 3210 inserviat
1122 3148 1192 3224 quis
1209 3146 1319 3206 dixerit
1341 3146 1433 3223 expli-

160 3234 275 3294 candae
298 3251 391 3310 quum
415 3233 515 3310 ipsum
533 3233 734 3310 explicatione
756 3242 847 3313 egeat
868 3253 959 3313 quam
976 3235 1114 3294 maxime.
1149 3232 1262 3293 Omnes
1283 3249 1356 3292 vero
1379 3231 1433 3292 dil-

160 3319 312 3380 dcultates
336 3319 424 3379 facile
446 3319 663 3397 expediuntur,
688 3320 850 3390 dummodo
872 3323 904 3382 iu
927 3321 1031 3383 verbis
1052 3320 1101 3380 his
1126 3317 1312 3398 explicandis
1335 3321 1433 3379 atten-

161 3405 269 3466 damus
291 3411 353 3465 tam
370 3404 407 3464 ad
426 3422 461 3465 ea
480 3423 558 3482 quae
577 3408 716 3484 proxime
735 3407 879 3485 leguntur
901 3425 992 3486 quam
1013 3405 1048 3466 ad
1072 3404 1152 3466 illam
1175 3420 1254 3483 quae
1267 3409 1433 3486 perxtotam

95 3480 98 3496 '
162 3493 322 3570 epistolam
346 3492 464 3552 obtinet
486 3495 668 3554 sententiam
692 3512 841 3555 summam
863 3513 900 3555 ac
919 3492 1126 3572 principalem.

246 3579 490 3639 Christianorum
514 3579 624 3640 animis
645 3580 702 3641 hac
726 3579 763 3640 de
786 3600 821 3641 re
842 3581 1030 3642 confirmatis
1051 3579 1163 3640 licebat
1182 3577 1321 3656 apostolo
1340 3577 1433 3656 aptis-

161 3667 238 3725 sime
252 3666 346 3724 fmem
360 3665 462 3726 lacere
479 3668 735 3741 argumentationi
757 3669 871 3749 iterata
890 3671 1005 3729 tantum
1033 3665 1254 3735 admonitione,
1283 3665 1318 3723 ut
1348 3662 1431 3740 quid-

161 3751 233 3829 quid
261 3756 441 3828 patereutur
464 3749 500 3810 ah
530 3750 714 3814 aduersariis
741 3754 772 3812 in
795 3759 901 3814 sancta
923 3757 1161 3836 perseverarent
1182 3751 1244 3812 vita
1266 3753 1296 3808 et
1318 3747 1378 3808 fide
1402 3749 1433 3807 in

164 3838 332 3910 Christum,
362 3843 392 3897 et
415 3855 470 3914 spe
496 3837 616 3899 futurae
641 3839 757 3915 gloriae
779 3841 902 3902 fortiter
924 3844 1056 3904 seruata.
