3210 5228
209 271 250 335 50
733 272 835 328 lParn.
851 272 896 339 lV,
916 272 944 329 6.

298 439 383 516 Quod
406 458 481 500 vero
503 440 562 500 boc
585 439 653 500 loco
677 441 806 516 primurn
825 436 965 515 judicii
993 441 1149 499 notionem
1172 441 1308 515 passioni
1331 439 1485 516 mortique

128 574 130 579 .
212 528 408 590 substitutam
432 525 585 596 videmus,
609 525 638 585 id
661 524 829 602 explicatur
852 542 945 601 quum
969 543 1007 585 ex
1029 527 1067 585 lis
1091 543 1169 602 quae
1192 542 1286 601 supra
1310 524 1486 585 dictasunt

212 617 254 693 (p.
271 614 325 690 48)
347 619 413 672 turn
436 630 452 672 e
475 617 620 671 contextu
648 612 739 687 hujus
768 611 837 671 loci.
882 611 999 671 Versus
1028 617 1134 671 sextus
1162 628 1230 671 cunr
1258 612 1430 686 argumenti
1455 612 1485 672 vi

212 699 385 778 adjungitur
408 701 529 775 quinto,
562 699 614 757 nbi
642 698 678 757 de
703 696 820 773 judicio
844 715 859 756 a
885 697 1007 758 Gbrlsto
1038 714 1108 757 tuor
1137 696 1278 757 habendo
1301 714 1403 757 sermo
1426 700 1483 756 est.

211 784 295 846 Istud
318 783 359 854 εἷς
377 786 468 843 ταῦτα
491 781 551 863 γὰρ
573 781 626 841 καί
639 783 809 843 clarissimo
826 782 1010 843 documento
1034 788 1097 851 est,
1121 784 1251 843 alterurn
1273 782 1356 859 quod
1372 799 1484 858 sequa-

169 897 172 901 ’
210 877 263 931 tur
292 871 468 949 κριθῆναι
498 872 654 945 respicere
681 868 716 928 ad
741 875 839 946 κρῖναι
863 868 1063 941 antecedens,
1087 870 1130 928 ita
1151 875 1252 928 tamen
1275 874 1310 929 ut
1330 867 1420 929 simul
1444 869 1484 926 si-

211 958 376 1035 gnificetur
391 973 470 1032 quae
491 957 581 1014 etiam
601 957 632 1014 in
647 954 874 1032 praedicatione
891 956 1042 1032 evangelii
1058 956 1251 1014 contineatur
1262 953 1421 1031 judicandi
1436 955 1485 1013 ris

211 1042 314 1104 valere
342 1059 408 1101 earn
436 1058 497 1100 non
527 1039 564 1099 ad
589 1039 812 1101 damnationem
843 1047 874 1101 et
903 1046 1032 1101 mortem
1061 1045 1232 1110 aeternam,
1262 1039 1316 1101 sed
1347 1039 1383 1099 ad
1413 1057 1484 1118 pro-
1590 1100 1594 1105 ,

211 1127 372 1191 creandam
400 1144 509 1188 noram
538 1128 568 1185 in
598 1129 706 1204 spiritu
736 1128 843 1193 vitam,
873 1143 966 1188 carne
997 1129 1027 1186 in
1058 1129 1223 1204 perniciem
1253 1125 1363 1185 dedita.
1410 1125 1485 1187 Pcr-

212 1220 300 1275 acute
323 1214 405 1273 Bane
426 1230 525 1290 nuper
547 1215 656 1272 statuit
678 1212 885 1289 complendam
910 1230 980 1273 esse
1004 1213 1134 1289 apostoli
1150 1214 1331 1272 sententiam
1348 1211 1429 1272 lrunc
1451 1213 1483 1272 in

212 1300 349 1361 modum:
381 1296 433 1357 ‘lvo
461 1299 611 1378 κριθῶσιν
641 1291 682 1369 ῶς
704 1293 955 1376 κατακρινόμινοι
983 1298 1038 1374 μὲν
1065 1295 1142 1358 κατὰ
1171 1290 1361 1377 ἀνθρώπους
1382 1296 1483 1376 σαρκί,
1582 1308 1585 1323 ·

178 1388 181 1393 ’
212 1383 319 1460 ζῶντες
342 1382 375 1444 δι’
396 1380 476 1444 κατὰ
499 1379 574 1442 θεὸν
596 1380 777 1459 aucupatum
1440 1446 1443 1463 Ι

295 1470 411 1531 Deinde
432 1471 464 1528 in
486 1472 743 1546 comparationem
767 1469 937 1530 vocandum
961 1468 1112 1545 estquod
1136 1469 1213 1530 inira
1241 1469 1367 1546 legitur:
1392 1463 1442 1531 ὅτι
1466 1460 1482 1529 ὃ

211 1553 316 1635 καιρὸς
337 1559 391 1615 τοῦ
414 1551 572 1633 ἄρξασθαι
596 1553 630 1615 τὸ
654 1555 747 1631 κρίμα
764 1550 824 1615 ἀπὸ
847 1551 902 1615 τοῦ
918 1551 1003 1615 οἴκου
1025 1559 1082 1615 τοῦ
1098 1557 1175 1615 θεοῦ
1199 1556 1268 1631 (Ν,
1288 1556 1353 1631 17).
1388 1552 1484 1615 Recte

211 1643 329 1705 Hutber
358 1641 488 1718 explicat
512 1639 661 1717 judicium
688 1640 761 1701 illud
791 1658 851 1701 non
882 1640 1119 1718 exspectandum
1151 1641 1289 1712 demum,
1319 1639 1485 1700 sed'exer-

212 1731 275 1790 ceri
293 1731 356 1806 jam
379 1731 521 1804 coeptum
545 1744 625 1788 csse.
660 1725 785 1791 Modum
807 1733 910 1787 autem
933 1744 994 1804 quo
1018 1729 1049 1786 in
1066 1725 1173 1788 fideles
1193 1733 1375 1786 exerceatur
1392 1726 1485 1785 inter·

71 1872 76 1889 ,
164 1845 170 1856 =
211 1820 315 1894 pretes
338 1830 399 1873 uno
421 1815 488 1873 iere
510 1831 565 1873 ore
589 1814 633 1872 sic
656 1812 849 1884 describunt,
874 1818 908 1874 ut
931 1805 1066 1891 αιἰρωσις
1089 1812 1138 1873 illa
1161 1813 1271 1889 (1.12)
1295 1814 1314 1872 i.
1328 1830 1355 1871 e.
1376 1811 1484 1872 adver-

211 1902 362 1962 sariorum
385 1901 619 1976 persecutiones
643 1899 700 1960 sub
719 1899 827 1976 judicii
849 1901 974 1960 notione
997 1897 1144 1960 Ιο1οοο1.Ἄ
1180 1898 1230 1959 Sic
1252 1915 1382 1974 prorsus
1404 1895 1485 1957 redit
1589 1904 1592 1913 ’

211 1989 311 2048 oratio
341 1984 378 2043 ad
402 1984 539 2062 eJusdem
563 1986 670 2062 capitis
693 1988 780 2063 primi
805 1990 837 2045 et
860 1987 938 2046 sexti
960 2002 1071 2046 versus
1095 1986 1286 2046 sententiam.
1331 1982 1484 2044 Judicium

212 2090 286 2134 vero
304 2072 448 2148 quoniam
462 2071 527 2131 Ileo
545 2072 605 2147 ipsi
625 2071 667 2131 ibi
688 2070 886 2143 adscribitur,
906 2071 995 2131 facilc
1015 2070 1195 2146 intelligitur
1216 2076 1277 2147 quo
1288 2071 1360 2147 jure
1376 2074 1484 2130 nostro

211 2160 279 2221 loco
309 2157 346 2216 ab
369 2156 526 2234 evangelio
549 2157 724 2233 praedicato
751 2161 917 2232 repetatur.
963 2157 1081 2218 Etenim
1112 2174 1168 2233 per
1195 2157 1253 2216 boc
1280 2172 1427 2216 vocamur
1453 2159 1485 2215 et

213 2245 385 2315 invitamur,
409 2247 444 2303 ut
459 2244 663 2319 suscipiamus
680 2244 813 2303 oillcium
829 2242 900 2302 illud
917 2243 1040 2320 proprie
1057 2242 1261 2302 Christianum
1276 2239 1484 2319 persequendi

212 2346 322 2391 severo
346 2328 477 2405 quodam
496 2326 613 2404 judicio
635 2330 736 2389 carnis
759 2328 944 2405 cupiditates
968 2327 1056 2388 nobis
1081 2329 1188 2388 insitas
1212 2328 1265 2405 (ΙΙ,
1289 2329 1349 2400 tl).
1394 2325 1482 2400 Quod

212 2433 273 2494 quo
285 2414 394 2474 melius
407 2414 571 2485 efficiatur,
587 2415 723 2474 immittit
733 2415 816 2474 Deus
829 2416 895 2491 ipse
907 2414 1095 2474 calamitates
1107 2415 1138 2473 in
1151 2432 1208 2475 nos
1224 2414 1262 2489 tl,
1276 2417 1304 2478 6.
1319 2415 1347 2476 t.
1358 2412 1406 2485 lv,
1421 2413 1482 2489 19.)

212 2506 303 2562 utens
326 2517 416 2577 quam
439 2501 567 2566 maxime
585 2500 655 2560 odio
679 2499 829 2577 evangelii
851 2500 1107 2560 adversariorum.
1145 2499 1212 2560 Pati
1235 2504 1336 2580 autem
1356 2502 1484 2575 propter

206 2585 361 2671 *evangelii
376 2583 468 2644 iidem
487 2587 574 2662 quasi
591 2585 724 2662 sigillum
740 2592 790 2646 est
804 2584 938 2648 foederis
959 2604 1026 2646 cum
1045 2585 1166 2647 Christo
1183 2586 1355 2647 arctissimi.

216 2720 219 2728 .
297 2673 464 2748 Aptissima
490 2673 554 2748 jam
582 2671 618 2730 ad
642 2671 792 2732 decimum
816 2676 978 2750 septimum
1001 2689 1126 2733 versum
1148 2674 1264 2750 pariter
1287 2677 1378 2747 atque
1402 2669 1484 2731 bunc

212 2762 332 2820 sextum
347 2761 542 2834 comparatur
557 2757 638 2833 quod
653 2758 766 2818 Paulus
784 2758 874 2819 dixit:
894 2742 920 2816 el
935 2755 994 2838 γὰρ
1011 2752 1140 2829 ἑαυτοὺς
1157 2755 1352 2838 διεκρίνομεν,
1371 2751 1483 2816 οὐκῶν

211 2840 412 2922 ἐκρινόμεθα·
435 2839 652 2919 κρινόμενοι
676 2841 714 2903 δι’
735 2838 805 2904 ὑπὸ
822 2842 950 2922 κυρίου
972 2841 1243 2920 παιδευόμεθα,
1265 2841 1327 2901 ἵνα
1345 2838 1396 2918 μὴ
1413 2838 1482 2901 σὺν

188 2934 260 3012 ·τῷ
290 2925 415 3010 κόσμῳ
439 2931 731 3008 κατακριθῶμεν
755 2932 783 3006 (1
799 2930 867 2990 Cor.
885 2929 940 3000 xl,
959 2930 995 2992 31
1018 2930 1093 3007 sq.);
1125 2928 1172 2991 vel
1195 2931 1287 2989 etiarn
1308 2927 1396 2988 illud:
1420 2949 1481 2986 nc-

211 3149 345 3202 navifera
362 3149 427 3201 nibil
446 3149 543 3201 addunt
560 3148 606 3201 sed
625 3165 691 3216 quae
715 3148 783 3201 dicta
803 3153 858 3215 jam
881 3157 942 3202 sunt
964 3149 1050 3200 denuo
1075 3155 1100 3200 et
1124 3150 1229 3215 gravius
1254 3151 1332 3201 etiam
1354 3151 1482 3212 recolunt,

212 3233 337 3271 summam
356 3216 468 3286 denique
487 3219 567 3271 totius
586 3219 713 3285 epistolae
732 3219 814 3271 tribua
834 3220 933 3271 ultimis
951 3218 1071 3270 versibus
1090 3219 1212 3282 (17-19)
1232 3220 1481 3287 gravissimerepe-

211 3292 277 3339 tunt.
303 3284 385 3338 Versu
404 3289 516 3355 septimo
534 3288 661 3355 persimili
679 3286 756 3340 modo
776 3288 1010 3354 argumentationis
1024 3285 1096 3338 filum
1108 3287 1270 3354 abrumpitur
1282 3289 1422 3352 subjuncta
1438 3287 1482 3341 ad·

212 3355 374 3416 hortatione,
398 3359 436 3408 uti
459 3371 538 3422 supra
557 3356 651 3418 (lina)
670 3363 870 3424 praeceptorum
887 3356 919 3408 de
938 3355 1033 3407 officiis
1051 3356 1162 3422 singulis
1180 3358 1262 3408 series
1281 3356 1369 3409 finitur
1388 3356 1481 3410 adhor-

211 3424 308 3477 tatione
327 3426 453 3488 generali.
479 3424 622 3477 Undecimo
640 3441 717 3477 versu
732 3427 787 3490 jani
807 3426 948 3481 clausulam
967 3429 1022 3475 erat
1038 3424 1188 3491 positurus,
1202 3422 1248 3477 sed
1268 3424 1371 3493 utquid
1387 3426 1482 3479 summi

212 3493 336 3544 momenti
355 3498 427 3559 esset
443 3495 552 3544 maxime
571 3495 746 3546 inculcaretur
761 3494 904 3547 lectoribus
918 3495 1111 3561 perorationem
1129 3492 1256 3561 quandam
1273 3493 1369 3560 adjecit
1384 3496 1481 3562 episto·

212 3561 252 3613 lae
270 3567 449 3626 argumentum
469 3560 555 3614 denuo
574 3565 665 3630 paucis
684 3563 861 3630 complectens
879 3580 905 3615 v.
919 3565 1027 3615 12-19.

282 3633 304 3684 l.
324 3629 373 3682 Gl'r.
389 3631 405 3681 l.
417 3631 433 3681 l.
452 3646 477 3697 p.
490 3633 539 3684 ata
558 3639 610 3682 not.
622 3635 648 3684 t:
672 3633 758 3694 „Was
776 3635 825 3684 den
843 3635 908 3684 Sina
926 3634 971 3682 der
991 3633 1070 3683 Stella
1088 3633 1238 3693 erscbwert,
1255 3635 1289 3683 ist
1308 3633 1349 3682 die
1366 3634 1482 3699 duppelte

215 3700 377 3768 Bedeuturm,
401 3702 430 3751 ιἰι
451 3701 560 3751 acelaber
576 3700 697 3770 κριθῶσι
713 3718 860 3769 peacmmea
877 3701 978 3752 werden
1000 3719 1076 3753 macas.
1114 3699 1149 3750 Es
1167 3701 1234 3752 stebt
1251 3702 1329 3752 socool
1345 3702 1482 3768 allgemea'n

212 3770 257 3833 stlr
275 3767 442 3825 daeRicbten
460 3771 528 3820 narb
546 3771 634 3821 beiden
646 3772 733 3821 seiten
751 3771 796 3822 bio
813 3771 868 3822 aad
884 3770 981 3822 beaiebl
999 3770 1056 3821 sicb
1073 3770 1155 3820 daber
1173 3770 1225 3833 auf
1237 3770 1278 3820 die
1294 3769 1382 3820 beiden
1393 3771 1482 3835 Sotae,

182 3870 186 3889 ι
213 3838 254 3890 ala
277 3838 344 3889 aucb
366 3840 400 3889 im
421 3839 562 3905 Gepeosatt
585 3857 616 3889 ακ
640 3837 721 3900 ζῶσι,
745 3857 774 3890 so
796 3840 857 3890 dass
881 3857 907 3890 es
925 3856 976 3889 aar
993 3840 1041 3889 das
1059 3837 1167 3889 Ricbten
1184 3841 1219 3889 im
1236 3839 1383 3890 scblimmen
1402 3839 1483 3891 Sinna
1548 3889 1552 3896 ,

213 3908 257 3958 ist.
296 3905 456 3972 Vollatttnda'p
474 3907 547 3958 sollte
565 3926 591 3958 es
609 3909 691 3960 daber
709 3909 826 3959 baiesen:
845 3903 891 3958 ἵνα
909 3906 1029 3976 κριθῶσι
1046 3922 1071 3956 κ.
1082 3921 1104 3955 τ.
1115 3904 1158 3955 λ.“
1177 3905 1236 3957 ν1ι1ο
1252 3921 1339 3974 supra.

281 3974 306 4026 2.
325 3973 452 4025 Calvin:
477 3974 575 4036 ‚,Haec‚
594 3975 690 4042 inquit,
709 3977 853 4033 necessitas
871 3980 949 4027 totam
968 3974 1015 4027 Dei
1035 3973 1173 4026 ecclesiam
1193 3980 1291 4037 manet,
1309 3980 1408 4028 utnon
1426 3979 1482 4028 tan·

213 4046 267 4095 tum
293 4044 474 4095 communibus
498 4043 631 4095 bominum
656 4044 768 4096 miseriis
791 4045 939 4108 subjaceat,
964 4042 1009 4094 sed
1034 4043 1200 4110 peculiariter
1224 4048 1251 4096 et
1274 4045 1416 4113 praecipue
1433 4044 1483 4097 Ilei

214 4126 291 4166 manu
315 4113 468 4178 castigetur:
492 4117 563 4165 tanto
587 4113 666 4179 igitur
690 4113 814 4178 aequiore
838 4115 924 4164 animo
948 4110 1070 4164 ferendae
1088 4118 1150 4164 sunt
1172 4129 1220 4180 pro
1239 4112 1341 4165 Christo
1359 4127 1482 4180 persecu·

214 4182 325 4233 tionesf‘
349 4178 464 4246 Steiger:
484 4182 575 4241 „Wett
584 4185 651 4246 jettt
670 4182 711 4232 dic
724 4182 778 4232 Zea't
797 4183 831 4232 cla
850 4185 897 4241 ist,
916 4183 951 4232 do
962 4181 1113 4248 'eoradple'cb
1128 4183 1175 4235 clas
1190 4183 1265 4239 Hauc
1276 4182 1362 4234 Gottes
1377 4184 1481 4237 durcb

214 4249 333 4301 beiden
350 4251 475 4315 penetret
492 4251 594 4302 werden
610 4268 680 4302 murs
695 4279 728 4287 -
744 4253 804 4300 -.‘¹
832 4250 869 4302 De
882 4250 980 4301 Wette:
999 4249 1082 4311 ,λκιο
1097 4250 1216 4304 Gericbte
1232 4251 1336 4301 reclinet
1348 4252 1394 4302 der
1411 4248 1480 4316 Vcrs.

213 4318 255 4370 ῶν
273 4317 414 4370 demaelbeo
430 4319 652 4385 corberpebendeu
676 4318 864 4387 Versolyunpen
882 4319 927 4370 der
945 4318 1066 4370 Christea
1087 4318 1154 4386 (ορὶ.
1166 4318 1238 4371 Mtlb.
1252 4317 1350 4381 XXIV,
1367 4321 1479 4388 9qu.)‚

213 4387 268 4439 und
284 4403 355 4438 auor
370 4387 443 4438 aicbt
460 4387 513 4447 bles
530 4405 615 4454 weqen
633 4389 679 4439 der
696 4386 872 4454 Verbinduap,
891 4387 1002 4439 condem
1016 4389 1083 4439 αιιοΙι
1094 4404 1182 4452 saepen
1193 4388 1240 4436 der
1255 4385 1482 4454 Vemcndtscbast

215 4457 262 4506 der
274 4453 386 4522 Repetffe'
405 4455 538 4506 Gere'cbt
554 4458 609 4508 uad
627 4457 806 4526 Prttsunp.“
842 4455 952 4508 Hutber:
972 4458 1048 4524 „Das
1065 4455 1330 4521 Weltpera'cbt.-
1342 4459 1371 4508 κἰι
1389 4457 1481 4510 mmd-

216 4525 281 4591 b'yer
296 4523 538 4590 Entwicbclunq··—
557 4525 648 4577 nimmt
666 4528 754 4577 setam
770 4525 878 4593 Ansanp
897 4526 1001 4578 beiden
1019 4523 1162 4588 aucupen
1177 4522 1268 4586 (Mttb.
1279 4524 1378 4586 XXIV,
1394 4525 1480 4591 ML),

216 4592 257 4647 bei
271 4594 354 4645 denen
372 4610 398 4644 er
414 4593 443 4643 in
459 4592 505 4644 der
521 4591 757 4662 taetmnpsptutt
775 4597 821 4646 der
839 4594 932 4646 beiden
950 4594 992 4658 (ο.
1007 4593 1057 4656 12)
1077 4589 1173 4642 bestebt
1193 4622 1224 4632 —-
1243 4595 1303 4644 -.“
1340 4591 1390 4644 etr.
1410 4593 1478 4646 wie·

216 4659 305 4728 einer
316 4675 348 4726 p.
357 4663 462 4730 aoosq.
