3210 5228
10 307 13 310 ’
162 332 200 394 ts
650 337 956 410 1rm.ru,150qq.

243 504 327 578 csso
350 510 524 582 sequuntur
546 504 584 566 de
603 507 724 565 ratione
748 504 934 565 adversariis
956 505 1048 564 etiam
1073 503 1137 564 leni
1156 505 1258 566 animo
1278 503 1434 564 reddenda
1548 571 1551 575 ,

159 587 359 666 descriptioni
381 593 564 652 accuratiori
584 593 770 660 inserviunt,
795 590 867 668 quid
891 591 998 651 deccat
1017 590 1222 651 Christianum
1245 586 1297 648 ded
1320 587 1436 650 deamo·

159 671 255 754 σύνην
276 682 434 748 venatum,
458 693 558 754 eoque
580 679 678 754 magis
700 677 759 738 hoc
785 677 853 738 loco
877 676 1090 738 desiderantur
1105 679 1176 752 quia
1200 663 1434 738 christianiat-

158 769 230 838 pote
257 761 378 823 liberati
406 762 444 823 ab
472 766 555 824 omui
582 763 828 825 adversariorum
856 765 967 824 timore
990 763 1173 838 Christique
1193 760 1309 822 domini
1336 763 1433 823 solius

158 847 308 925 obsequio
331 850 475 910 vindicati
496 849 586 910 liberi
608 853 699 911 etlam
722 849 827 909 abillo
849 851 952 911 cilicio
967 849 1024 908 sibi
1041 847 1139 909 videri
1152 848 1241 909 facile
1257 853 1434 925 potuerunt.

158 932 204 993 sd
219 938 356 994 nostram
371 952 445 996 vero
462 937 673 1013 quaestionem
691 933 867 996 solvendam
883 935 1044 1013 plurimum
1060 936 1132 994 iacit
1147 934 1316 995 membrum
1334 934 1434 1007 duale,

145 1018 189 1078 ‚id
212 1019 294 1096 quod
317 1021 355 1080 ab
377 1023 597 1100 interpretibus
620 1023 684 1083 iere
707 1020 880 1098 negligitur.
916 1022 983 1081 hlio
1006 1022 1240 1097 enim'prorsus
1263 1019 1353 1081 modo
1376 1021 1435 1081 hoc

158 1104 226 1166 loco
250 1105 287 1167 de
303 1105 497 1168 adversariis
520 1108 611 1168 bonis
634 1108 877 1169 Christianorum
899 1107 1044 1184 operibus
1060 1105 1280 1167 convincendis
1299 1106 1436 1184 loquitur
1466 1181 1472 1190 ι

159 1191 318 1268 apostolos
341 1199 433 1270 atque
456 1193 524 1254 loco
546 1211 695 1271 perquam
717 1194 809 1254 simili
829 1194 872 1264 ll,
895 1195 941 1256 12.
974 1192 1037 1252 Illic
1060 1194 1140 1252 enim
1164 1192 1322 1269 gentilium
1345 1209 1435 1253 con-

158 1279 286 1338 rersio
303 1277 345 1337 ad
361 1279 548 1341 Christum
563 1279 751 1356 praedicitur
765 1284 832 1340 tum
846 1280 968 1355 demum
982 1281 1084 1338 futura
1098 1295 1165 1338 cum
1181 1296 1259 1356 quos
1272 1285 1344 1340 aute
1357 1279 1435 1339 male

107 1432 111 1444 Ι
158 1363 350 1441 interpretati
373 1372 479 1426 essent
501 1365 743 1427 Christianorum
767 1383 869 1426 mores
893 1364 952 1442 qvia
980 1364 1130 1425 excellant
1156 1368 1316 1425 sanctitate
1344 1382 1437 1442 agno·

158 1451 267 1511 verint.
312 1451 376 1512 Hoc
402 1468 475 1512 vero
504 1452 585 1523 loco,
613 1452 742 1528 siugulis
772 1452 876 1512 verbis
906 1449 1100 1512 considerate
1129 1448 1298 1527 exploratis
1319 1484 1361 1496 -
1385 1450 1437 1509 ‘lvo

159 1538 428 1614 καταισχυνθῶσιν
452 1533 480 1598 οἳ
499 1535 713 1616 ἐπηρεάζοντες
736 1540 925 1598 contrarium
949 1536 1021 1614 quid
1045 1535 1104 1596 dici
1127 1538 1284 1613 multoque
1307 1537 1438 1599 duriori·

159 1620 218 1682 bus
240 1622 344 1683 verbis
362 1609 537 1695 ,adversarii
558 1626 712 1702 increpari
733 1623 885 1685 videntur.
924 1618 1194 1698 Καταισχύνεσθαι
1217 1625 1298 1682 enim
1320 1641 1381 1701 qua
1406 1625 1436 1683 vi

75 1726 79 1735 ·
160 1723 176 1766 s
198 1706 291 1768 Petro
314 1714 482 1787 usurpetur
504 1728 585 1772 unus
606 1710 657 1770 ille
679 1711 766 1801 locus
787 1711 828 1781 11,
852 1711 871 1772 6
895 1709 1077 1770 documento
1101 1709 1181 1769 est1.

243 1799 368 1872 Accedit
389 1812 470 1889 quod
492 1814 551 1873 hoe
572 1813 640 1873 loco
654 1812 790 1873 additum
804 1811 943 1873 videmus
959 1813 1152 1889 participium
1168 1809 1196 1872 oi
1212 1805 1437 1889 ἐπηρεάζοντες.

159 1896 197 1958 ut
219 1899 343 1983 gravius
367 1901 459 1959 etiam
489 1905 634 1960 notentur
657 1898 838 1970 adversarii,
866 1897 1057 1959 antecedenti
1086 1899 1268 1977 καταλᾳλιΐν
1291 1897 1438 1975 superad-

159 1980 242 2044 ditur
263 1984 323 2044 hoc
345 1982 486 2053 verbum,
510 1985 688 2062 praedicato
713 2003 774 2046 nou
793 1987 861 2046 sine
884 2001 993 2061 magna
1016 1987 1046 2043 vi
1061 1986 1277 2062 postpositum.
1308 1983 1438 2044 Rectea

51 2064 53 2075 '
159 2067 301 2146 Steigero
321 2074 353 2130 et
374 2071 442 2130 aliis
465 2076 608 2132 monetur
630 2071 861 2133 malevolentiae
878 2075 910 2130 et
932 2069 1063 2130 invidiae
1083 2076 1186 2131 notam
1207 2072 1311 2131 inesse
1320 2068 1344 2133 ².
1379 2069 1438 2130 Ne·

159 2170 220 2231 que
243 2155 302 2216 hoc
323 2163 373 2218 est
395 2156 624 2233 negligendum,
647 2175 709 2219 non
731 2158 853 2218 omuino
869 2156 907 2217 de
923 2156 1013 2216 bonis
1029 2156 1274 2216 Christianorum
1291 2156 1438 2233 operibus

88 2243 89 2247 ’
158 2239 187 2305 h.
214 2240 233 2300 l.
251 2257 435 2314 sermonem
465 2259 551 2317 esse,
584 2243 638 2304 sed
667 2246 748 2304 vitae
778 2244 971 2304 sanctitatem
1000 2241 1037 2300 ad
1065 2259 1132 2302 eam
1152 2259 1231 2320 qnae
1255 2241 1437 2302 Christianis

159 2341 238 2386 curn
263 2327 425 2390 Christo
449 2331 490 2389 sit
510 2330 592 2390 vitae
615 2331 860 2390 communionem
884 2329 997 2388 referri
1019 2325 1087 2406 (τὴν
1110 2324 1235 2407 ἀγαθὴν
1259 2326 1290 2384 ἐν
1307 2327 1438 2410 Χριστῷ

157 2407 353 2494 ἄνασιρφήν]
373 2413 505 2500 ideoque
525 2414 774 2476 adversariorum
793 2416 927 2475 animum
944 2417 975 2473 iu
989 2413 1141 2474 Christum
1159 2431 1221 2473 non
1236 2416 1336 2475 minus
1349 2431 1438 2491 quam

159 2558 366 2568 ...Μ

159 2632 262 2700 singer:
281 2634 353 2694 „Der
370 2632 507 2688 sosoma
524 2637 637 2702 corfaut
654 2655 689 2689 ιιιι
707 2638 762 2690 sa'cb
780 2637 846 2688 alles
869 2635 1009 2689 Vcrhclten
1027 2636 1071 2686 des
1089 2619 1138 2696 dd„
1158 2636 1206 2686 dor
1225 2638 1282 2687 eine
1301 2635 1433 2687 Anerlcen-

159 2719 230 2770 apog
244 2703 290 2754 der
310 2703 448 2774 Heiliplter't
468 2704 555 2757 Gotles
574 2709 601 2758 ιἰι
617 2706 673 2757 sich
691 2706 839 2758 schliesst.“
859 2735 892 2744 -
912 2705 1011 2773 „Sorpt
1027 2721 1079 2754 rtur
1094 2705 1186 2768 defetr,
1207 2705 1268 2755 dass
1289 2723 1349 2756 eurr
1364 2703 1434 2755 Hera

160 2772 201 2822 ria
223 2768 325 2839 Tempe!
344 2772 442 2825 Christi
459 2792 518 2841 roy,
537 2777 565 2826 ιἰι
582 2775 694 2827 walchen
713 2776 766 2827 ihm
785 2774 836 2826 ols
855 2773 964 2826 Herrrt
989 2773 1040 2824 die
1058 2772 1272 2852 petithrende
1289 2772 1378 2824 Ebre
1395 2791 1437 2838 pc·

158 2841 239 2921 peter
255 2842 339 2892 σοιν·
357 2870 391 2881 -
411 2870 452 2938 --3
463 2866 465 2871 ·
483 2843 516 2923 'ld
535 2842 605 2910 quod
624 2841 822 2927 commendatur
840 2843 945 2926 nomine
964 2835 1058 2911 κύριοι
1075 2856 1134 2922 cum
1153 2857 1179 2891 νι
1198 2841 1356 2908 anteposito.
1384 2841 1436 2895 Gir.

158 2900 341 2971 δοξαζιινΝ,
357 2913 387 2964 16
406 2909 542 2977 (Grotrus).
572 2911 657 2964 Verba
672 2927 703 2963 εν
717 2925 779 2970 ναις
794 2909 924 2982 cosdroae
941 2917 967 2963 et
981 2925 1048 2991 quae
1065 2916 1153 2991 statum
1166 2919 1311 2990 sequuntur
1324 2925 1377 2991 nou
1391 2910 1437 2963 ob·

158 2981 236 3032 stant.
256 2977 389 3031 interno
401 2981 488 3032 animo
500 2980 618 3033 Christus
628 2986 656 3033 ut
667 2979 789 3034 domiuus
800 2980 965 3033 venerandus
975 2977 1079 3040 dicitur,
1094 2994 1154 3046 qum
1172 2993 1222 3030 res
1235 2978 1440 3031 Chrrstrano·

60 3077 64 3084 -
159 3060 224 3099 rum
244 3054 400 3100 externae
419 3050 513 3101 sortem
530 3049 624 3103 Christi
640 3050 857 3117 gubernationem
874 3056 901 3102 et
916 3049 1053 3100 victoriam
1068 3055 1129 3100 tunc
1145 3047 1251 3098 minime
1267 3046 1439 3116 comprobare

159 3116 232 3166 visse
251 3123 318 3168 suot.
350 3117 443 3179 (Aliter
461 3118 630 3186 Wiesinger.)
659 3119 730 3180 Quae
749 3134 813 3170 vero
837 3123 984 3187 sequuntur
1001 3115 1159 3189 adJungiita
1179 3122 1207 3166 nt
1224 3115 1295 3169 aliud
1314 3115 1436 3184 quiddam

157 3179 222 3244 tdtl
241 3182 300 3235 addi
319 3194 455 3253 appareat,
472 3188 592 3240 timorem
611 3195 697 3240 sutem
717 3191 793 3254 cujus
812 3188 848 3239 ihi
867 3188 965 3239 mentio
986 3184 1044 3245 liat,
1063 3201 1116 3237 nou
1140 3191 1192 3236 tam
1211 3184 1258 3237 liei
1282 3185 1334 3237 dici
1359 3200 1437 3253 quam

159 3265 251 3304 sorum
271 3253 340 3320 apud
359 3271 426 3322 quos
445 3258 511 3308 ratio
529 3259 565 3309 sit
581 3255 712 3308 reddenda
731 3258 870 3325 ipsumque
889 3255 998 3308 rationis
1016 3252 1164 3306 reddendae
1184 3254 1299 3307 habitum
1319 3271 1349 3307 ac
1368 3270 1439 3307 men·

160 3326 212 3372 tem
230 3321 268 3372 sic
287 3322 431 3388 significari
451 3326 476 3377 in
495 3327 585 3393 aprico
604 3334 651 3377 est.
688 3325 767 3393 Spei
787 3341 850 3378 vero
870 3323 1099 3383 commemoratio,
1120 3322 1169 3374 nisi
1189 3322 1314 3384 fallimur,
1335 3331 1439 3378 nostrae

160 3385 230 3442 iavet
247 3392 393 3444 sentcntiae
414 3388 576 3458 (Oecmroir
596 3387 711 3451 ἐλπίδας
729 3391 808 3465 ἡμῶν
826 3389 1017 3464 ἀπεφαίνοντο
1037 3386 1144 3455 κενάς).

229 3479 253 3528 l.
279 3474 438 3544 Wiesiuger:
459 3481 597 3544 „scclisch
616 3500 648 3532 aar
667 3483 804 3532 Schaoden
822 3482 956 3533 werden.“
994 3477 1029 3539 ll,
1048 3483 1067 3546 'l
1085 3479 1221 3546 apostolus
1245 3494 1277 3530 ex
1301 3474 1355 3532 hoc
1376 3480 1435 3547 ipso

29 3603 32 3612 ,
139 3541 241 3600 ‚verbo
261 3546 339 3597 sortis
358 3545 498 3598 discrimen
518 3551 586 3600 inter
604 3548 696 3600 fideles
716 3556 742 3600 et
759 3548 881 3602 infideles
900 3549 1009 3599 derivat.

227 3633 251 3682 2.
277 3629 377 3692 Quibus
395 3633 521 3701 exemplis
540 3650 554 3686 e
574 3634 765 3695 Demosthene,
784 3634 925 3686 Plutarcho
944 3634 976 3685 al.
998 3633 1082 3685 allatis
1099 3633 1258 3701 probaturus
1276 3639 1318 3686 est
1335 3633 1439 3686 Pettius

159 3697 311 3765 significare
330 3700 381 3752 hoo
399 3701 507 3754 verbum
526 3703 700 3764 „calumniam
719 3703 750 3754 ad
764 3703 883 3770 J'odicem
902 3702 1040 3764 delatam“,
1056 3719 1087 3754 ea
1104 3704 1197 3770 partim
1218 3703 1285 3756 male
1304 3704 1437 3757 intellecta

139 3768 225 3834 ‚nillil
243 3767 363 3822 elflciunt
381 3768 414 3822 de
432 3770 626 3838 significatione
645 3788 712 3842 quae
732 3776 803 3826 inest
819 3774 845 3825 in
864 3773 945 3824 verbo
967 3787 1015 3839 per
1037 3785 1068 3824 se
1092 3779 1220 3839 spectato.
1256 3771 1333 3840 Apud
1350 3772 1436 3825 Xeno·

160 3837 285 3905 pluentem
304 3840 349 3906 qui
366 3847 428 3906 post
446 3840 605 3894 Herodotum
624 3844 724 3910 primus
742 3843 792 3894 hoc
809 3842 919 3894 verbum
935 3842 1044 3908 saepius
1063 3849 1185 3909 usurpat,
1204 3857 1337 3909 nunquam
1356 3857 1437 3910 quan·

160 3915 214 3959 mm
239 3908 295 3959 scio
320 3908 370 3960 hoc
394 3923 473 3962 sensu
497 3911 634 3977 reperitur.
670 3910 780 3964 Veteres
803 3911 854 3980 ipsi
879 3908 1101 3977 significationem
1120 3911 1193 3963 verbi
1212 3911 1276 3964 satis
1295 3911 1365 3962 clare
1391 3913 1440 3962 cir·

160 3977 394 4044 conscripserunt.
432 3980 512 4032 Arist.
532 3980 597 4032 rhet.
616 3979 653 4041 ll,
672 3985 701 4033 2:
716 3977 814 4033 Ἔστιν
838 3971 1047 4050 ὃέπηρεασμὸς
1070 3972 1243 4051 ἐμποδισμὸς
1264 3981 1326 4036 ταῖς
1341 3974 1442 4099 ἦροιιλή-

150 4041 677 4121 -σεσιν,οὖχῖνατι.ιιῦτῷ,ἀλλ’
700 4046 757 4100 ἵνα
802 4042 968 4119 ὴέιιοίνῳ.
1004 4046 1120 4100 Eandem
1159 4047 1457 4116 rorsussiguicatio·'

159 4127 220 4165 sem
239 4114 318 4167 babet
334 4115 361 4167 in
373 4115 558 4170 Demosthenis
576 4119 651 4179 loco,
670 4133 748 4186 quem
761 4066 865 4171 dmum
884 4133 931 4185 pro
949 4124 1105 4185 argumento
1121 4065 1196 4170 adem
1207 4115 1324 4177 (Midian.
1334 4133 1359 4184 p.
1369 4119 1439 4181 413).

161 4181 214 4235 Gir.
233 4182 317 4236 Wrss.
337 4184 368 4236 ad
386 4172 504 4255 Thucyd.
517 4187 542 4247 l,
560 4188 602 4242 26.
629 4186 706 4257 spuo
725 4196 849 4240 externos
866 4187 1010 4254 scriptores
1029 4185 1100 4239 solet
1116 4201 1179 4239 sune
1198 4201 1258 4239 curn
1276 4184 1365 4239 dativo
1383 4201 1442 4254 per-

161 4266 242 4304 sonae
261 4254 393 4315 construi,
412 4255 554 4308 sedetiam
570 4257 737 4310 accusativus
752 4255 912 4323 adjungitur.
938 4255 1003 4308 ilinc
1019 4255 1103 4308 voluit
1117 4253 1266 4323 Stephanus
1285 4255 1345 4318 (sub
1361 4253 1442 4311 linem

160 4319 353 4374 dissertatoris
372 4322 404 4376 de
422 4325 491 4392 stylo
510 4325 550 4378 Ni.
567 4324 618 4390 Ti.)
638 4327 818 4379 accusativum
837 4326 869 4378 ab
888 4321 1080 4395 ἰιίσχννθῶσιν
1096 4351 1131 4361 -
1148 4323 1345 4392 praepositione
1368 4320 1441 4379 κατά

160 4395 290 4458 expuncta
304 4417 339 4426 -
353 4391 479 4457 pendere.
507 4393 657 4463 Perperam.
687 4394 835 4451 lutlo.'l¹o.
854 4394 1006 4462 ubicunque
1024 4392 1129 4447 obviam
1144 4398 1196 4455 est,
1215 4394 1382 4448 accusativus
1398 4395 1441 4447 vel

159 4473 288 4525 personae
307 4459 349 4510 vel
369 4465 407 4512 rei
426 4460 582 4524 adstruitur.
601 4480 688 4532 neque
702 4481 765 4518 vero
781 4462 842 4521 inde
860 4476 919 4521 cnm
931 4462 1044 4516 Elsnero
1058 4459 1103 4525 (ad
1115 4461 1190 4515 hah,
1201 4461 1230 4525 V,
1240 4464 1284 4525 tt)
1298 4461 1440 4517 derivanda

160 4534 202 4581 est
219 4544 265 4590 es,
283 4543 361 4597 quam
375 4529 478 4583 Pettius
497 4531 582 4585 voluit
599 4533 649 4586 hl.
662 4533 892 4602 significationem.
916 4529 1168 4591 lamestanter
1186 4537 1213 4584 et
1225 4531 1286 4587 Luc.
1299 4532 1339 4595 Vl,
1350 4535 1384 4589 26
1395 4544 1441 4601 ge·

160 4597 242 4650 nerali
279 4612 369 4651 rorans
387 4597 581 4667 significatione
600 4609 748 4670 usurpatur.
786 4603 852 4656 ilinc
872 4599 984 4655 eundem
1001 4599 1136 4669 quiaapuu
1154 4601 1279 4668 profanos
1297 4603 1440 4670 scriptores

160 4666 186 4717 in
204 4615 310 4720 Nostro.
330 4668 450 4720 obtinere
468 4683 544 4721 usum
562 4670 729 4723 statuendum
754 4677 808 4732 est,
832 4674 979 4725 structurae
1004 4673 1092 4722 tamen
1110 4669 1216 4738 legibus
1239 4672 1277 4725 uti
1300 4673 1327 4724 in
1350 4670 1440 4725 multis

159 4735 247 4788 verbis
265 4737 427 4804 aliquantum
445 4738 598 4791 immutatis.
958 4772 963 4783 ·
