3210 5228
615 344 627 399 l
642 343 722 402 Pura.
739 342 789 411 111,
814 344 851 400 lb
868 359 936 417 sqq,
1367 340 1420 405 ‘13

146 508 250 591 sciptor
273 511 427 589 excipiunt
448 509 543 572 verba
565 499 681 574 arctius
703 512 833 589 reliquis
856 529 926 591 cum
946 512 1003 572 liae
1023 514 1152 574 notione
1176 495 1342 575 cohaerent
1364 500 1420 572 illi-

148 614 211 676 que
223 614 315 676 quam
329 596 419 658 modo
436 599 656 676 proposuimus
675 598 869 675 explicationi
883 596 1127 660 luculentissimo
1138 605 1211 660 sunt
1223 597 1418 660 documento.

147 684 194 746 Ile
217 683 327 745 auxillo
348 683 451 746 divino
471 685 582 762 reique
605 684 796 746 Christianae
819 687 949 746 victoria
971 688 1073 747 omnia
1092 691 1165 747 sunt
1186 685 1275 746 dicta.
1319 684 1418 746 Docet

148 773 249 831 autem
261 766 419 848 apostolus
431 769 652 833 beatitudiuem
665 770 746 832 illam
758 772 956 849 sperantibus
969 776 1055 834 certo
1066 774 1209 845 turturum,
1223 773 1317 833 immo
1327 786 1418 848 prac-

149 860 266 917 sentcm
286 855 485 918 credentibus
513 856 592 918 hanc
619 863 690 918 ante
713 859 813 917 omnia
835 859 897 918 mm
925 858 1055 928 babere,
1078 864 1114 919 ut
1141 859 1319 919 imminente
1348 858 1418 934 ipso

148 941 394 1005 aduersariorum
416 945 533 1020 impetu
555 943 593 1003 ab
611 946 693 1004 omni
716 948 799 1004 metu
817 943 928 1005 liberet
944 945 1333 1019 animosGlaristianorum.
1366 942 1419 1003 Je-

147 1030 230 1106 stJ'ae
256 1045 369 1092 rursus
395 1031 493 1090 utitur
520 1031 624 1091 verbis
655 1033 758 1108 iisque
787 1032 960 1092 sententiae
986 1049 1098 1093 versus
1127 1031 1237 1092 decimi
1264 1031 1347 1090 tertii
1376 1030 1419 1088 ita

146 1117 285 1192 cognatis
307 1119 342 1176 ut
364 1133 443 1193 quse
465 1132 558 1194 supra
582 1114 619 1176 de
642 1134 680 1177 eo
703 1119 956 1194 proposuerimus
980 1135 1072 1195 quarn
1089 1120 1217 1178 maxime
1237 1117 1419 1199 confirmen-

146 1207 205 1265 tur.
250 1201 315 1263 lloc
338 1200 424 1261 dicit:
447 1203 535 1262 Beati
558 1205 650 1277 estis3
674 1206 795 1264 interim
825 1220 904 1280 quae
926 1203 1044 1264 occulta
1067 1209 1116 1265 est
1138 1207 1311 1264 etiamnunc
1334 1202 1422 1266 etin

145 1289 251 1349 futuro
274 1287 396 1349 demum
425 1305 554 1364 prorsus
578 1288 774 1368 adipiscenda
796 1289 968 1362 beatitudo,
991 1290 1072 1350 illius
1096 1307 1181 1368 spem
1206 1295 1237 1350 et
1258 1288 1350 1348 fldem
1376 1289 1419 1346 ita

147 1374 362 1453 comprobate,
387 1378 420 1434 ut
442 1392 510 1435 cum
533 1370 781 1437 adversariorum
803 1381 954 1436 terrorem
970 1379 1189 1447 contemnatis,
1213 1382 1278 1436 tum
1297 1373 1420 1434 Christo
1452 1451 1455 1462 ι

146 1461 260 1539 quippe
282 1462 350 1537 spei
372 1465 494 1521 vestrae
517 1478 552 1521 ac
573 1461 728 1538 praesidio
758 1462 907 1523 honorem
930 1461 1064 1523 divinum
1094 1465 1246 1540 animique
1272 1476 1418 1521 verecun-

146 1545 225 1606 diam
247 1552 392 1624 tanquam
416 1546 539 1608 domiuo
561 1553 666 1608 restro
690 1551 888 1609 consecretis.

231 1632 331 1710 Supra
354 1632 546 1693 ostendimus
570 1651 649 1711 quae
673 1652 709 1694 ex
732 1641 841 1695 octavo
864 1635 987 1712 Jesajae
1012 1636 1112 1712 capite
1127 1634 1185 1695 hoc
1207 1635 1273 1694 loco
1290 1633 1420 1692 afferun-

147 1725 210 1791 tur,
234 1736 250 1778 a
274 1721 383 1796 capitis
406 1721 653 1796 quinquagesimi
675 1726 835 1790 contextu,
860 1723 909 1781 oui
931 1720 1063 1780 debetur
1083 1720 1214 1781 formula
1237 1719 1420 1780 illatorem

146 1805 255 1867 decimi
271 1807 372 1875 tertii,
390 1807 512 1866 minime
524 1806 620 1867 aliena
636 1824 722 1880 esse;
737 1815 871 1883 atquem
886 1807 1000 1883 fugerit
1018 1824 1072 1867 cur
1091 1806 1233 1868 maluerit
1252 1802 1419 1883 apostolus,

148 1908 227 1969 quae
244 1892 309 1968 jnm
332 1890 458 1952 dicenda
482 1898 584 1962 erant,
608 1897 715 1969 petere
739 1911 776 1952 ex
799 1895 898 1969 capite
914 1892 965 1953 illo
981 1894 1115 1969 insigni?
1147 1893 1269 1953 Etenim
1282 1908 1343 1952 non
1354 1892 1421 1969 jam

148 1976 242 2039 rerba
263 1977 402 2040 iacienda
423 1983 513 2038 erant
534 1978 571 2038 de
595 1978 732 2055 quolibet
754 1979 857 2039 auxilii
880 1978 972 2039 diuini
996 1978 1192 2056 exspectandi
1214 1979 1332 2041 vexatis
1346 1977 1421 2053 'qui-

148 2063 282 2124 buslibet
309 2062 506 2134 documento‚
536 2067 628 2125 immo
657 2069 719 2125 tam
749 2064 786 2124 de
809 2070 916 2142 gente,
947 2082 1026 2142 quae
1050 2069 1175 2142 praeter
1194 2069 1335 2125 caeteras
1358 2078 1422 2122 om-

148 2165 204 2211 nes
226 2150 291 2210 Deo
317 2151 359 2211 sit
388 2150 484 2210 electa
513 2155 606 2227 atque
634 2150 741 2211 dilecta
766 2152 824 2228 (ll,
848 2154 876 2214 9.
905 2151 959 2225 10)
986 2158 1043 2228 per
1064 2151 1272 2212 Israelitarum
1301 2154 1423 2227 gentem

149 2238 247 2315 ipsam
273 2235 358 2298 velut
379 2242 487 2314 typum
515 2239 775 2313 praesignificata,
804 2255 913 2314 pressa
941 2242 1077 2297 nuncet
1104 2243 1214 2298 vexata
1241 2237 1278 2296 ab
1309 2238 1346 2295 iis
1370 2235 1423 2311 qui

151 2322 273 2383 Christo
298 2327 330 2382 et
351 2323 417 2383 lico
441 2325 521 2399 patri
550 2325 608 2399 ipsi
633 2328 663 2383 et
685 2324 797 2384 intensi
821 2329 852 2384 et
871 2326 963 2385 inuisi
987 2330 1093 2385 essent
1113 2326 1257 2395 maxime,
1275 2340 1366 2400 quam
1385 2318 1423 2380 de
1472 2340 1476 2344 ·

152 2407 276 2469 Christo
300 2425 374 2470 vero
391 2408 577 2469 lmmanuele
601 2407 723 2488 (κύριον
739 2408 773 2468 δὲ
789 2407 854 2470 riv
872 2405 1055 2491 Χριστόν)
1073 2410 1207 2470 fidelium
1223 2426 1292 2486 spe,
1317 2408 1423 2478 salute,

151 2495 279 2554 victoria
301 2495 369 2570 ipsa
392 2513 471 2554 nunc
495 2495 615 2556 demum
639 2496 881 2561 luculentissime
904 2497 1045 2557 omnibus
1069 2494 1294 2573 comprobando
1318 2499 1350 2554 et
1373 2492 1425 2553 de-

150 2576 306 2653 clarando,
322 2580 381 2640 sibi
397 2579 525 2641 addictis
543 2598 661 2642 summo
680 2581 807 2659 gaudio,
826 2581 1012 2642 adversariis
1032 2581 1206 2642 infidelibus
1223 2599 1258 2642 ac
1274 2578 1422 2641 maleficis

152 2680 271 2728 summo
294 2659 415 2727 terrori.
463 2667 608 2744 Quisquis
633 2669 876 2728 Christianorum
897 2667 979 2729 illius
1002 2671 1160 2746 temporis,
1180 2669 1343 2745 genuinam
1370 2664 1425 2724 ho·
1531 2731 1532 2735 ,

150 2770 223 2817 rum,
240 2752 404 2815 verborum
428 2756 489 2814 vim
507 2757 679 2815 accuratius
702 2753 957 2825 consideraverit,
981 2756 1008 2814 is
1027 2772 1102 2816 vero
1126 2755 1261 2832 graviori
1276 2751 1365 2813 modo
1385 2748 1423 2811 de

149 2854 260 2915 magno
283 2844 315 2898 et
335 2838 416 2899 {elici
439 2856 496 2899 suo
520 2845 601 2900 statu
632 2847 694 2900 tam
716 2842 873 2917 praesenti
895 2858 986 2917 quam
1008 2842 1146 2918 proxime
1170 2841 1274 2900 futuro
1298 2838 1421 2908 certior,

149 2923 260 2985 mellus
290 2929 322 2985 et
350 2924 488 3001 pulcrius
514 2927 680 2987 verborum
707 2927 829 3003 prologi
851 2926 969 2987 Petrini
1009 2927 1213 3003 ¹rophetarum
1236 2923 1423 2986 testimoniis

149 3011 399 3072 confirmatorum
423 3011 468 3090 (l,
487 3014 515 3075 7.
536 3015 680 3076 10-12.
705 3011 761 3087 13)
784 3030 901 3073 memor
923 2945 1012 3073 reddpi
1034 3030 1094 3073 non
1117 3014 1260 3089 potuerit.
1308 3011 1352 3070 lta
1374 3007 1424 3068 luis

149 3098 241 3159 etiam
258 3095 378 3168 verbis,
403 3100 542 3174 quamuis
557 3116 614 3175 per
628 3117 663 3159 se
679 3101 775 3175 magis
792 3098 922 3166 doceant
937 3117 1015 3176 quae
1036 3099 1282 3176 postulentur
1305 3114 1321 3156 a
1339 3094 1424 3156 ciri-

148 3184 272 3255 etiams,
296 3200 386 3259 quam
403 3183 515 3261 quibus
530 3185 594 3244 sint
608 3186 769 3253 fortunati,
793 3189 873 3244 tecte
896 3187 994 3262 ipsius
1017 3184 1268 3245 beatitudinis
1290 3183 1350 3242 illis
1373 3180 1424 3240 ad··

150 3268 249 3331 dietae
268 3271 347 3328 ratio
371 3270 569 3347 significatur.
613 3271 682 3348 lpsa
706 3271 800 3332 verba
823 3271 954 3348 abrupto
978 3273 1069 3331 sicuti
1090 3270 1213 3333 uidetur
1240 3268 1292 3330 filo
1317 3287 1333 3329 e
1356 3284 1426 3346 pro·

148 3354 260 3434 pluetae
280 3356 431 3417 vaticiniis
453 3358 637 3433 interposita
659 3355 888 3435 speciem'prae
913 3375 947 3418 se
969 3359 1073 3418 ferunt
1095 3356 1240 3434 triumphi
1264 3352 1348 3417 'certa
1371 3370 1426 3433 spe

150 3447 183 3502 et
205 3439 316 3519 gaudio
340 3442 519 3514 exultantis,
547 3442 680 3520 ideoque
705 3445 863 3523 aptissime
893 3442 935 3504 illi
964 3443 1203 3526 praedicationis
1228 3445 1295 3506 roci
1322 3442 1427 3519 adjun-

151 3528 298 3605 guntur.¹

221 3716 244 3768 t.
263 3712 300 3766 lle
310 3715 422 3782 singulis
434 3714 499 3768 haec
512 3717 653 3769 sufficiunt.
681 3709 770 3784 Φόβος
783 3720 823 3769 est
842 3731 901 3768 cum
920 3718 1110 3785 interpretibus
1124 3722 1222 3770 tanturn
1239 3731 1289 3767 uon
1306 3713 1428 3766 omnibus

149 3782 183 3836 de
199 3788 299 3836 terrore
318 3799 395 3851 quem
415 3784 557 3838 adversarii
576 3786 689 3837 inierant
707 3784 905 3853 accipiendum,
923 3801 1001 3853 quam
1020 3789 1046 3838 in
1069 3788 1240 3844 senteutiam,
1264 3782 1367 3835 etiamsi
1384 3781 1428 3834 le-

149 3855 222 3974 oque
239 3867 292 3904 non
311 3854 358 3909 sit.
377 3855 456 3906 verba
477 3856 647 3922 interpretum
661 3869 754 3921 graeca
768 3861 872 3906 vertere
888 3856 965 3906 facile
982 3856 1056 3908 licuit
1068 3856 1120 3919 (Ps.
1134 3855 1190 3915 XC,
1205 3858 1234 3913 5;
1253 3851 1319 3903 lliob
1330 3850 1378 3912 lll,
1394 3854 1427 3907 26

150 3921 169 3974 b
192 3920 237 3981 x).
277 3915 377 3972 Αὐτῶν
405 3924 441 3974 uti
473 3924 510 3974 lle
535 3925 644 3983 Wettio‚
672 3923 837 3985 Briiclmem,
866 3924 1032 3992 Wiesiogero
1058 3928 1164 3988 (contre
1190 3921 1366 3983 botherum),
1392 3920 1449 3972 itax

150 3990 227 4047 nobis
246 3991 377 4059 genitivus
395 3992 508 4057 subjecti
528 3999 574 4044 est.
604 3986 659 4043 Τὸν
675 3988 802 4062 Χριστόν
820 4008 879 4045 cunr
895 3993 1061 4045 Lachmanno
1081 4000 1107 4043 et
1118 3987 1319 4043 Tisobendorflo
1338 3995 1428 4041 aucto·

150 4060 253 4113 rltttmo
278 4059 398 4112 codicum
422 4063 707 4128 praestantissimorum
727 4062 773 4124 (Α.
794 4061 823 4114 Β.
843 4063 869 4117 0.
890 4059 1156 4130 Synlsequentibus
1180 4075 1226 4127 pro
1246 4059 1361 4111 lectione
1379 4051 1430 4113 τὸν

87 4126 89 4131 '
149 4121 234 4191 dciv,
253 4142 330 4196 quam
348 4128 442 4182 trustra
462 4130 527 4181 tueri
548 4129 636 4181 studet
655 4131 683 4182 b.
698 4131 751 4189 W.,
771 4137 812 4183 est
829 4130 1026 4184 restituendum.
1061 4121 1187 4196 Ἆγιάσαι
1211 4143 1224 4179 u
1244 4127 1378 4195 plerisque
1395 4125 1429 4179 dc

152 4198 207 4251 lieo
226 4197 270 4250 vel
288 4197 390 4251 cbristo
409 4213 423 4250 a
443 4197 596 4250 Christianis
614 4199 764 4251 timendo
784 4215 824 4252 rna
845 4202 962 4268 isquam
982 4197 1191 4250 adversariorum
1216 4199 1315 4264 impetu
1333 4197 1430 4263 scripl-

149 4273 203 4339 tur.
240 4265 295 4319 Non
320 4269 384 4319 satis
410 4274 495 4327 recte,
518 4268 556 4318 uti
579 4267 654 4318 nobis
677 4268 787 4321 videtur.
824 4217 950 4321 gonsulto
974 4269 1042 4319 enim
1067 4267 1203 4332 apostolus
1227 4267 1328 4326 omisit,
1350 4265 1430 4317 simili

149 4335 229 4388 mmo
249 4341 327 4403 etque
346 4342 406 4387 aute
426 4339 436 4399 (
443 4354 464 4387 v.
478 4339 541 4398 12),
560 4349 627 4402 quae
646 4336 714 4403 apud
733 4337 848 4403 lesajarn
867 4339 992 4389 continuo
1011 4339 1170 4402 sequuntur:
1188 4335 1235 4387 καὶ
1253 4329 1429 4390 obededom

151 4420 202 4456 ooo
218 4399 305 4474 φὸβος
322 4405 424 4468 tlllll),
444 4406 514 4457 omni
534 4404 641 4456 omuino
659 4405 737 4455 rncdo
757 4411 853 4458 mutata
873 4405 1017 4473 prophetae
1035 4405 1174 4460 sententie.
1203 4405 1265 4457 llum
1283 4404 1361 4454 metui
1378 4418 1431 4455 me·

152 4475 281 4541 mentium
300 4475 325 4524 in
346 4475 433 4541 priore
451 4475 568 4526 membro
588 4472 753 4525 substituerit
770 4476 923 4526 terrentium
939 4479 1081 4534 terrorem,
1100 4474 1126 4524 in
1141 4476 1288 4543 posteriore
1301 4472 1431 4525 Christum

152 4542 222 4603 beo,
240 4548 269 4594 ot
286 4544 383 4595 clarius
402 4545 479 4595 etium
499 4549 649 4612 appareret,
668 4542 703 4593 nil
721 4556 780 4594 esse
800 4545 907 4595 omnino
926 4543 1083 4604 timendum,
1102 4544 1181 4595 immo
1193 4544 1303 4595 salutern
1316 4546 1343 4593 et
1355 4555 1429 4608 prse-

150 4609 246 4665 cltlium
265 4612 291 4663 in
311 4611 413 4663 Christo
432 4612 535 4665 adesse.
571 4612 621 4664 Gir.
648 4625 714 4692 qpue
738 4613 824 4665 statim
849 4617 995 4680 sequuntur
1019 4612 1090 4680 apud
1107 4612 1220 4680 lesajam
1238 4602 1341 4690 ϋρρώ
1359 4617 1431 4690 m]

151 4678 247 4742 tull:
265 4673 387 4731 ardrin’
406 4676 480 4733 αὐτῶ
499 4673 644 4737 πεποιθὼς
663 4696 707 4753 qs,
725 4674 804 4732 ἔσται
821 4696 867 4732 σοι
884 4677 926 4738 εἰς·
944 4675 961 4730 ἆ
981 4681 1094 4754 wopa).
1122 4681 1188 4733 llinc
1207 4680 1306 4733 rectius
1328 4669 1432 4731 ilde'tdr

152 4743 282 4819 ἄγιάζειν
293 4750 344 4801 boc
357 4749 417 4801 loro
434 4733 526 4802 eodem
542 4766 621 4803 sensu
635 4765 687 4818 quo
700 4749 772 4802 lllttlr.
784 4749 824 4810 Vl,
833 4753 857 4804 9.
877 4749 938 4803 Luc.
948 4696 995 4811 ἦ,
1008 4751 1137 4818 ctegbur
1150 4745 1341 4818 rcclplendum.
1361 4746 1431 4803 Wie-
