3210 5228
553 340 556 344 ,
660 296 787 350 Taaorrro
803 295 923 349 Juoarca.
1120 366 1127 377 Ι
1385 289 1425 352 63

159 465 276 524 werden
311 480 359 523 om
389 464 468 540 Tope
499 468 552 526 des
583 467 733 542 Gericbts,
764 453 858 526 nocb
886 452 1248 540 berouspeu'ommen
1277 466 1423 524 mordeo

161 565 228 609 ooo
250 545 370 610 bier.“
407 547 470 606 Hoc
489 547 565 608 vult:
591 566 702 608 novum
721 547 866 625 judicium
885 551 1022 606 extremo
1040 545 1088 606 die
1105 564 1165 606 non
1181 547 1349 623 patientur,
1369 545 1424 606 sed

160 634 191 692 in
215 631 265 690 iIIo
289 632 340 690 ubi
363 637 435 692 sunt
458 651 581 694 carcere
603 634 789 694 tenebuntur
812 636 843 693 in
865 638 1023 693 aeteruum
1046 633 1110 709 (cir.
1129 632 1148 691 I.
1167 632 1184 691 I.
1208 649 1235 711 p.
1254 633 1339 707 tait·
1368 632 1424 711 Qui

160 718 246 778 Iocus
271 720 378 778 anirum
402 726 545 795 quantum
568 720 645 779 lucis
663 721 789 780 affundit
804 728 926 791 nostro,
951 719 1067 780 scilieet
1082 737 1175 794 quum
1193 717 1262 776 inde
1279 721 1423 793 patescat,

160 821 249 880 quam
273 803 311 863 ob
335 821 457 863 causam
482 805 673 880 singulare
697 805 878 883 quoddam
903 808 936 864 in
959 822 1112 864 carcere
1132 803 1199 864 iIIo
1225 821 1293 879 per
1319 802 1424 863 Chri·

158 894 253 951 sium
274 889 438 949 habItum
464 893 516 950 sIt
537 892 722 967 judicium
744 891 785 951 de
809 893 941 950 animis
967 907 1107 958 corum,
1134 891 1196 965 qui
1223 891 1259 948 io
1282 888 1423 949 diluvio
1521 929 1527 951 -s

156 977 362 1052 perierint.

232 1060 394 1143 ..Iudicium
415 1062 452 1121 de
468 1063 506 1122 irs
519 1064 631 1125 Iactum
645 1065 697 1140 qui
713 1063 890 1140 augelorum
904 1062 1034 1139 quodam
1050 1064 1138 1138 quasi
1150 1061 1311 1121 concubitu
1327 1062 1424 1137 iuqui-

117 1210 120 1227 ,
158 1149 220 1209 uati
238 1149 315 1219 sint,
340 1150 405 1208 sive
426 1148 462 1207 de
487 1149 665 1210 mutieribus
689 1167 755 1208 cunr
780 1149 838 1209 iilis
859 1138 960 1208 mixtis
981 1151 1047 1209 sive
1069 1147 1107 1207 de
1130 1147 1235 1207 liberis
1259 1165 1296 1206 ex
1319 1151 1425 1224 stupro

158 1235 279 1293 immani
295 1236 482 1309 procreatis,
507 1253 636 1311 quorum
654 1237 711 1294 tria
730 1239 931 1295 numerantur
946 1234 1067 1293 saecula
1089 1233 1152 1306 (VI,
1170 1234 1189 1294 2
1205 1233 1284 1309 apud
1300 1231 1424 1310 Syncel-

157 1320 218 1379 Ium
236 1321 273 1379 cf.
291 1319 389 1381 DilIm.
405 1340 433 1396 p.
448 1321 515 1395 82),
538 1326 600 1381 tam
618 1340 655 1381 ex
672 1322 720 1380 his
736 1319 926 1381 concluditur
943 1337 1021 1396 quae
1035 1319 1126 1379 modo
1145 1318 1315 1390 attulimus
1335 1337 1426 1395 quam

159 1422 197 1469 cx
219 1405 396 1480 angelorum
419 1422 527 1482 poena.
562 1409 606 1466 Ac
628 1409 759 1484 primum
783 1406 904 1484 quidem
927 1408 1113 1483 protervitas
1136 1407 1237 1481 gentis
1260 1405 1354 1477 iilius,
1379 1408 1428 1465 cui

156 1493 326 1552 immissum
343 1494 391 1550 est
407 1491 566 1562 diluvium,
585 1495 709 1553 omniuo
730 1493 886 1554 derivatur
905 1510 941 1551 ex
960 1492 1010 1552 iIIo
1027 1491 1204 1566 angelorum
1221 1492 1346 1551 crImine
1358 1491 1425 1565 (cfr.

158 1594 183 1638 c.
203 1576 269 1636 VIII
284 1582 315 1635 et
332 1595 356 1639 c.
377 1576 709 1638 LXXXII—LXXXIX
733 1584 764 1638 et
785 1579 945 1648 LXXVIII,
963 1579 981 1638 2
1002 1594 1073 1637 *eum
1095 1578 1196 1651 x‚.9).
1238 1577 1313 1636 Hine
1343 1576 1426 1637 deni-

158 1681 218 1740 que
242 1661 387 1722 seductor
416 1663 464 1722 illc
496 1664 673 1740 angelorum
697 1682 826 1741 poenam
851 1664 934 1724 dabit
964 1681 1072 1724 eorum
1102 1665 1250 1734 orunium,
1281 1680 1358 1740 quae
1388 1663 1426 1721 ab

157 1750 214 1809 bac
228 1755 318 1824 gente
334 1751 495 1808 commIssa
520 1755 592 1809 sunt
614 1751 667 1829 (X,
687 1750 726 1826 8).
766 1749 825 1810 Sed
847 1749 987 1809 homines
1005 1754 1120 1819 tamen,
1144 1751 1251 1826 quiqui
1266 1749 1322 1808 hae
1339 1748 1426 1825 culpa

158 1836 305 1912 inquinati
330 1840 448 1905 essent,
472 1834 600 1896 maxime
624 1836 775 1896 mulieres
792 1854 871 1913 quae
894 1836 1020 1912 angelos
1043 1837 1074 1894 in
1093 1852 1126 1894 se
1145 1834 1350 1907 admisissent,
1373 1835 1427 1893 Im-

159 1919 288 1997 plicatos
311 1937 382 1980 esse
406 1919 512 1980 eodem
531 1939 592 1998 quo
611 1922 735 1998 angelos
749 1921 878 1999 judicio,
903 1922 993 1981 cIarIs
1011 1921 1113 1981 verbis
1130 1920 1258 1981 docetur
1273 1920 1366 1998 (xlx,
1379 1920 1427 1996 2):

158 2011 252 2086 „Urtd
274 2012 352 2069 oucb
374 2012 459 2070 ibren
481 2012 634 2087 Wetdera,
660 2014 709 2072 die
731 2015 781 2071 die
797 2013 893 2087 Enpet
910 2014 963 2071 des
978 2013 1120 2071 Hammels
1138 2009 1326 2086 oerfiibrteu,
1350 2012 1427 2070 ntro

160 2114 192 2157 es
214 2097 322 2155 ebenso
346 2097 487 2171 erpebeu,
512 2099 566 2157 avie
589 2100 646 2158 deu
668 2099 829 2159 Frcuudeo
851 2092 1071 2168 (derselbea).“

245 2178 405 2237 Sufficiant
427 2179 516 2252 haec;
547 2197 584 2239 ex
612 2179 724 2255 quibus
748 2179 895 2257 quidquid
918 2179 955 2239 de
978 2178 1114 2239 Henochi
1138 2180 1348 2238 vaticiniorum
1378 2195 1428 2238 ae·

158 2267 222 2324 tate
238 2263 337 2340 deque
358 2264 486 2339 singuiis
509 2282 586 2341 quae
609 2266 769 2326 traduntur
785 2266 879 2326 rebus
906 2266 1068 2335 statueris,
1092 2264 1151 2325 boo
1167 2269 1285 2334 tamen,
1310 2265 1427 2341 opinor,

159 2348 323 2425 intelliges,
353 2349 435 2410 Petri
466 2355 604 2427 tempore
632 2357 802 2414 accuratam
829 2352 935 2415 harum
965 2368 1069 2411 rerum
1093 2351 1302 2426 pervulgatam
1331 2351 1429 2410 fuisse

160 2437 314 2509 notIIIam3
338 2435 367 2494 id
391 2435 473 2512 quod
496 2437 543 2497 vel
564 2438 751 2497 Hoimannus
774 2438 914 2498 concedit
936 2439 987 2513 qui
1012 2439 1092 2497 inter
1114 2441 1270 2497 nostrates
1291 2437 1357 2496 tere
1379 2453 1429 2514 sos

159 2521 207 2581 Ius
229 2520 340 2580 librum
353 2521 488 2582 IIeuocbi
511 2529 583 2598 post
597 2523 695 2585 Judae
712 2531 743 2583 et
757 2524 841 2583 Petri
860 2524 1006 2599 epistolas
1025 2525 1172 2600 scriptum
1191 2540 1262 2583 esse
1280 2522 1427 2597 censet3l

158 2606 311 2683 Intelliges
335 2608 426 2667 etiam
448 2613 563 2667 certam
590 2608 739 2686 quandam
766 2609 803 2669 de
832 2610 880 2669 his
909 2609 1004 2669 rebus
1028 2608 1147 2670 dicendi
1167 2608 1334 2669 invaluisse
1357 2624 1429 2668 eon-

160 2692 369 2765 suetudinem
395 2692 467 2768 quid
490 2692 620 2770 demque
644 2694 681 2754 de
712 2700 793 2755 statu
804 2695 847 2754 ‘et
870 2702 955 2755 sorte
978 2711 1084 2754 eorum
1109 2697 1161 2770 qui
1183 2694 1296 2755 diluvio
1319 2696 1427 2770 periis-

161 2785 231 2844 sent
253 2781 368 2854 opinati
392 2781 461 2838 sint.

243 2864 368 2924 Accedit
380 2864 461 2940 quod
474 2870 529 2923 tra
538 2864 554 2922 d
562 2865 571 2922 i
579 2865 605 2923 ti
613 2883 630 2924 o
639 2867 696 2924 nis
710 2867 877 2925 auctoritas
889 2867 1071 2927 inveteravit
1082 2864 1161 2942 apud
1173 2864 1317 2937 Iudaeos,
1330 2868 1428 2942 ipsam

160 2950 261 3011 dIuvii
284 2958 407 3026 gentem
432 2944 514 3010 nuIIo
536 2968 672 3026 unquam
693 2950 783 3011 modo
801 2953 981 3028 participem
996 2951 1063 3012 fore
1079 2951 1188 3012 salutis
1201 2969 1257 3029 per
1273 2950 1427 3011 Christum

158 3034 311 3100 futurae.²
335 3037 417 3110 Quae
435 3055 528 3113 quum
544 3038 586 3099 ita
605 3039 667 3096 sint
677 3038 741 3113 jam
761 3037 918 3109 docemur,
942 3038 1080 3109 Petrum,
1103 3037 1428 3116 apostolummaxime

160 3124 294 3183 omnium
310 3120 474 3194 Judaeum,
497 3122 598 3183 Iocum
620 3140 739 3200 poenae
761 3125 800 3182 iis
822 3125 898 3200 ipsis
921 3124 1024 3184 iacere
1046 3123 1209 3184 reclusum.
1245 3121 1322 3197 Quid
1345 3121 1428 3199 quod

159 3210 335 3284 Wiesinger
358 3210 398 3284 (p.
420 3208 493 3279 238)
519 3209 694 3270 consolatur
709 3208 900 3269 Christianos
924 3208 961 3269 de
977 3212 1112 3286 ipsorum
1125 3210 1245 3280 salute,
1270 3225 1426 3285 compara-

158 3296 243 3354 tione
266 3312 334 3353 cum
355 3295 423 3354 istis
447 3312 502 3370 per·
525 3295 678 3355 Christum
703 3313 763 3355 oon
786 3298 886 3355 minus
911 3294 1003 3372 (auti
1024 3295 1105 3360 Petu
1118 3295 1171 3367 III,
1192 3295 1242 3372 19)
1272 3294 1425 3355 salvandis

158 3381 307 3440 instituta.
346 3381 423 3438 Mira
446 3381 585 3456 profecto
606 3387 802 3458 exegetarum
829 3383 1012 3441 commenta!
1047 3380 1081 3440 In
1098 3381 1156 3442 alia
1178 3384 1280 3440 omnia
1299 3379 1428 3441 discedit

160 3483 219 3541 qua
236 3466 371 3525 Henochi
390 3465 467 3524 liber
483 3485 543 3541 qua
560 3468 671 3527 Petrus
695 3470 808 3545 ipsein
825 3467 894 3527 Ioco
911 3471 1033 3540 nostro,
1050 3469 1102 3544 qui
1119 3466 1226 3528 iisdem
1245 3484 1343 3544 paene
1359 3484 1426 3528 rer·
1488 3529 1490 3533 ,

159 3551 207 3610 bis
230 3552 298 3611 ilios
321 3558 464 3627 tanquam
487 3570 622 3613 summae
641 3555 857 3614 obstinationis
874 3554 1043 3632 exempbun
1062 3558 1310 3616 commemorant.
1344 3544 1429 3613 Petri
1470 3592 1473 3596 -

160 3698 315 3706 —---——·—-a·-
329 3699 333 3703 -

230 3775 253 3824 1.
273 3772 462 3835 Sebristderoer's
480 3773 494 3822 1
510 3789 534 3838 p.
546 3774 703 3825 372474:
725 3810 742 3833 ,‚
753 3773 874 3824 Dennocb
891 3774 996 3840 derasen
1014 3778 1128 3826 anirum
1150 3775 1202 3838 aas
1220 3775 1268 3824 das
1288 3773 1358 3824 Bucb
1377 3736 1427 3825 Ha-

160 3842 224 3892 nocb
240 3858 288 3902 —-;
306 3841 422 3891 dasselde
436 3843 490 3907 pide
507 3860 556 3892 uas
573 3841 687 3905 udmlicd
698 3842 890 3905 jedenfolls
908 3844 992 3894 dauon
1005 3845 1144 3910 leopatus,
1164 3843 1226 3893 dass
1243 3845 1272 3892 iu
1289 3842 1345 3892 dean
1355 3842 1428 3904 jodi-

160 3912 237 3962 scden
258 3909 478 3960 Godandeadrea'se
500 3911 541 3960 die
559 3910 718 3976 Bostrasunp
741 3910 787 3960 der
806 3911 905 3962 Geister
922 3939 955 3949 --
972 3939 1005 3948 -
1024 3912 1085 3963 eden
1103 3930 1131 3962 so
1148 3911 1216 3961 aude
1232 3912 1279 3961 mit
1295 3910 1343 3960 der
1367 3909 1427 3962 Ver·

160 3980 273 4045 derduap
297 3977 343 4026 der
364 3989 447 4028 ersten
478 3979 542 4030 Wedt
564 3979 646 4029 durcb
669 3980 711 4028 die
733 3996 822 4044 prosse
843 3979 922 4031 acuta
946 3982 1101 4032 deisommeu
1124 3981 1183 4047 dap,
1206 3981 1254 4029 soie
1278 3979 1317 4030 bei
1336 3977 1427 4031 Petrus
1527 3988 1530 4004 ‘

162 4047 221 4111 (11,
238 4050 261 4099 2.
279 4049 309 4098 d.-
320 4048 354 4109 5)
374 4047 415 4096 die
435 4046 591 4112 Beata-osunp
613 4063 662 4096 oon
681 4046 780 4113 Enpeln
799 4048 869 4100 dicdt
887 4066 933 4100 cor
955 4051 1001 4101 der
1020 4049 1158 4114 Sdudtdutb
1175 4047 1255 4109 stelit,
1276 4049 1342 4098 uod
1357 4050 1428 4112 sust

160 4119 218 4168 mit
236 4116 414 4167 deuselbeu
438 4115 568 4166 Worteu
586 4116 667 4166 roird
684 4116 735 4165 die
754 4127 883 4170 eratne
900 4121 933 4169 iu
950 4119 1017 4170 dem
1036 4115 1142 4168 Bacche
1163 4115 1294 4168 Heaocb
1312 4116 1376 4168 und
1392 4119 1425 4169 in

160 4187 225 4236 dem
242 4184 474 4252 petriniscdca
492 4184 605 4248 Briefe
623 4183 844 4247 deaeicbneI.“

228 4271 253 4322 2.
272 4268 321 4319 Cir.
340 4267 510 4334 Lightioot
527 4268 610 4318 IIorac
629 4267 706 4322 Hebr.
726 4274 753 4319 et
765 4267 847 4322 Talm.
867 4269 898 4319 ad
914 4270 985 4323 bitth.
996 4267 1124 4330 xxivar
1143 4286 1168 4337 p.
1180 4272 1244 4322 452:
1263 4268 1367 4331 „Aetati
1384 4269 1427 4322 vel

161 4338 324 4406 generatIoni
344 4336 433 4388 diluvii
459 4352 509 4386 uon
536 4343 576 4386 est
596 4337 682 4402 portio
707 4339 732 4387 in
758 4337 853 4388 mundo
875 4339 988 4392 futuro.“
1016 4335 1202 4402 (ExSanIredr.
1218 4339 1311 4404 capii
1325 4337 1426 4403 nata.)

160 4405 266 4460 Schmid
285 4407 341 4458 bibl.
355 4407 438 4457 Tdeol.
451 4406 479 4456 11
495 4421 519 4472 p.
532 4407 588 4465 181,
607 4407 649 4455 cui
660 4407 801 4457 assentitur
814 4407 961 4474 WiesInger
971 4421 1056 4473 neque
1071 4412 1156 4458 tamen
1167 4404 1269 4458 dubitat
1280 4407 1427 4459 conclusio·

161 4490 219 4527 nem
231 4472 359 4542 qnondam
376 4489 389 4524 a
406 4476 497 4540 majori
508 4472 540 4525 ad
552 4475 637 4525 miuus
650 4473 798 4525 adscribere
810 4474 889 4526 Petro
901 4476 917 4526 I.
929 4476 946 4528 l.
959 4491 984 4542 p.
994 4477 1053 4529 248.
1081 4474 1131 4527 Cir.
1148 4477 1225 4528 etiam
1238 4476 1427 4544 Eiseumenger

160 4545 239 4597 ΕΜ.
257 4544 379 4594 Judeotd.
400 4544 408 4594 I
427 4561 452 4610 p.
463 4547 513 4597 448
531 4549 557 4594 et
574 4559 599 4610 p.
609 4545 659 4596 380
674 4559 712 4609 sq.
732 4557 791 4594 oum
811 4543 832 4594 II
851 4559 877 4609 p.
888 4546 939 4598 430
955 4560 994 4612 sq.
1031 4544 1081 4606 our
1104 4559 1137 4604 ex
1155 4544 1329 4600 Israelitarum
1347 4550 1425 4611 gente
1506 4558 1515 4581 ⁶

160 4614 188 4665 in
205 4612 390 4665 sceleratorum
410 4614 517 4680 regione
535 4609 605 4678 apud
622 4612 720 4663 iuferos
737 4617 872 4673 tenentur,
891 4613 923 4665 iis
942 4611 1046 4680 quidem
1064 4619 1172 4682 propter
1190 4615 1424 4666 circumcisio·

162 4698 233 4734 nem
249 4680 411 4732 liberationis
428 4696 476 4748 per
493 4681 614 4735 Messium
633 4695 694 4748 spes
711 4678 859 4734 vindicator
875 4681 919 4734 II.
937 4681 958 4735 Ii
977 4698 1003 4750 p.
1013 4684 1063 4738 364
1078 4698 1116 4750 sq.
