<?xml version="1.0" encoding="UTF-8"?>
<!DOCTYPE html PUBLIC "-//W3C//DTD XHTML 1.0 Transitional//EN"
    "http://www.w3.org/TR/xhtml1/DTD/xhtml1-transitional.dtd">
<html xmlns="http://www.w3.org/1999/xhtml" xml:lang="en" lang="en">
 <head>
  <title>
</title>
<meta http-equiv="Content-Type" content="text/html;charset=utf-8" />
  <meta name='ocr-system' content='tesseract 3.04.00' />
  <meta name='ocr-capabilities' content='ocr_page ocr_carea ocr_par ocr_line ocrx_word'/>
</head>
<body>
  <div class='ocr_page' id='page_1' title='image "./petriapostolide01zezsgoog_0052.png"; bbox 0 0 3210 5228; ppageno 0'>
   <div class='ocr_carea' id='block_1_1' title="bbox 602 297 1440 379">
    <p class='ocr_par' dir='ltr' id='par_1_1' title="bbox 602 297 1440 379">
     <span class='ocr_line' id='line_1_1' title="bbox 602 297 1440 379; baseline 0.005 -16"><span class='ocrx_word' id='word_1_1' title='bbox 602 297 908 379; x_wconf 70' lang='grc' dir='ltr'><strong>1Ρ111.111,19111.</strong></span> <span class='ocrx_word' id='word_1_2' title='bbox 1276 333 1280 345; x_wconf 71' lang='lat'><strong><em>¹</em></strong></span> <span class='ocrx_word' id='word_1_3' title='bbox 1400 300 1440 367; x_wconf 75' lang='lat' dir='ltr'><strong>lb</strong></span> 
     </span>
    </p>
   </div>
   <div class='ocr_carea' id='block_1_2' title="bbox 112 473 1518 3884">
    <p class='ocr_par' dir='ltr' id='par_1_2' title="bbox 130 473 1442 809">
     <span class='ocr_line' id='line_1_2' title="bbox 165 473 1441 553; baseline 0.001 -20"><span class='ocrx_word' id='word_1_4' title='bbox 165 484 243 551; x_wconf 90' lang='lat' dir='ltr'><strong>quae</strong></span> <span class='ocrx_word' id='word_1_5' title='bbox 271 477 344 533; x_wconf 91' lang='lat' dir='ltr'><strong>tunc</strong></span> <span class='ocrx_word' id='word_1_6' title='bbox 367 473 445 534; x_wconf 84' lang='lat' dir='ltr'><strong>nrole</strong></span> <span class='ocrx_word' id='word_1_7' title='bbox 478 493 531 534; x_wconf 89' lang='lat' dir='ltr'><strong>sua</strong></span> <span class='ocrx_word' id='word_1_8' title='bbox 555 491 653 553; x_wconf 92' lang='lat' dir='ltr'><strong>paene</strong></span> <span class='ocrx_word' id='word_1_9' title='bbox 675 479 877 551; x_wconf 77' lang='lat' dir='ltr'><strong>oppresserat</strong></span> <span class='ocrx_word' id='word_1_10' title='bbox 905 486 1024 532; x_wconf 79' lang='lat' dir='ltr'><strong>titanum</strong></span> <span class='ocrx_word' id='word_1_11' title='bbox 1047 473 1181 548; x_wconf 88' lang='lat' dir='ltr'><strong>piorum,</strong></span> <span class='ocrx_word' id='word_1_12' title='bbox 1211 475 1345 551; x_wconf 79' lang='lat' dir='ltr'><strong>itemque</strong></span> <span class='ocrx_word' id='word_1_13' title='bbox 1373 479 1441 536; x_wconf 90' lang='lat' dir='ltr'><strong>octo</strong></span> 
     </span>
     <span class='ocr_line' id='line_1_3' title="bbox 163 554 1442 636; baseline 0.002 -17"><span class='ocrx_word' id='word_1_14' title='bbox 163 558 331 619; x_wconf 83' lang='lat' dir='ltr'><strong>aninrarum</strong></span> <span class='ocrx_word' id='word_1_15' title='bbox 350 559 504 635; x_wconf 89' lang='lat' dir='ltr'><strong>justitiam</strong></span> <span class='ocrx_word' id='word_1_16' title='bbox 530 567 561 620; x_wconf 90' lang='lat' dir='ltr'><strong>et</strong></span> <span class='ocrx_word' id='word_1_17' title='bbox 583 557 673 621; x_wconf 88' lang='lat' dir='ltr'><strong>fidem</strong></span> <span class='ocrx_word' id='word_1_18' title='bbox 696 556 900 621; x_wconf 82' lang='lat' dir='ltr'><strong>vindicatum?</strong></span> <span class='ocrx_word' id='word_1_19' title='bbox 944 554 1148 619; x_wconf 77' lang='lat' dir='ltr'><strong>Adversarius</strong></span> <span class='ocrx_word' id='word_1_20' title='bbox 1171 559 1262 619; x_wconf 87' lang='lat' dir='ltr'><strong>etlam</strong></span> <span class='ocrx_word' id='word_1_21' title='bbox 1287 562 1339 636; x_wconf 92' lang='lat' dir='ltr'><strong>qui</strong></span> <span class='ocrx_word' id='word_1_22' title='bbox 1361 579 1442 622; x_wconf 91' lang='lat' dir='ltr'><strong>nunc</strong></span> 
     </span>
     <span class='ocr_line' id='line_1_4' title="bbox 162 639 1440 723; baseline 0.003 -19"><span class='ocrx_word' id='word_1_23' title='bbox 162 648 270 704; x_wconf 81' lang='lat' dir='ltr'><strong>essent</strong></span> <span class='ocrx_word' id='word_1_24' title='bbox 283 644 422 720; x_wconf 87' lang='lat' dir='ltr'><strong>judicare</strong></span> <span class='ocrx_word' id='word_1_25' title='bbox 438 652 578 722; x_wconf 89' lang='lat' dir='ltr'><strong>paratum</strong></span> <span class='ocrx_word' id='word_1_26' title='bbox 593 651 830 723; x_wconf 86' lang='lat' dir='ltr'><strong>promptumque</strong></span> <span class='ocrx_word' id='word_1_27' title='bbox 849 662 920 706; x_wconf 86' lang='lat' dir='ltr'><strong>esse</strong></span> <span class='ocrx_word' id='word_1_28' title='bbox 940 639 1094 704; x_wconf 80' lang='lat' dir='ltr'><strong>Christum</strong></span> <span class='ocrx_word' id='word_1_29' title='bbox 1114 645 1173 721; x_wconf 72' lang='lat' dir='ltr'><strong>(lv,</strong></span> <span class='ocrx_word' id='word_1_30' title='bbox 1186 643 1232 720; x_wconf 83' lang='lat'><strong>5),</strong></span> <span class='ocrx_word' id='word_1_31' title='bbox 1257 646 1352 704; x_wconf 89' lang='lat' dir='ltr'><strong>multo</strong></span> <span class='ocrx_word' id='word_1_32' title='bbox 1369 663 1440 707; x_wconf 90' lang='lat' dir='ltr'><strong>con·</strong></span> 
     </span>
     <span class='ocr_line' id='line_1_5' title="bbox 130 729 1159 809; baseline -0.002 -20"><span class='ocrx_word' id='word_1_33' title='bbox 130 789 134 796; x_wconf 83' lang='grc'><strong>,</strong></span> <span class='ocrx_word' id='word_1_34' title='bbox 162 729 307 790; x_wconf 80' lang='lat' dir='ltr'><strong>fidentius</strong></span> <span class='ocrx_word' id='word_1_35' title='bbox 324 731 388 807; x_wconf 88' lang='lat' dir='ltr'><strong>jam</strong></span> <span class='ocrx_word' id='word_1_36' title='bbox 411 749 593 792; x_wconf 88' lang='lat' dir='ltr'><strong>asseverare</strong></span> <span class='ocrx_word' id='word_1_37' title='bbox 615 733 715 809; x_wconf 90' lang='lat' dir='ltr'><strong>potuit</strong></span> <span class='ocrx_word' id='word_1_38' title='bbox 738 731 879 808; x_wconf 80' lang='lat' dir='ltr'><strong>exemplo</strong></span> <span class='ocrx_word' id='word_1_39' title='bbox 903 730 954 791; x_wconf 91' lang='lat' dir='ltr'><strong>illo</strong></span> <span class='ocrx_word' id='word_1_40' title='bbox 977 733 1159 807; x_wconf 84' lang='lat' dir='ltr'><strong>praemisso.</strong></span> 
     </span>
    </p>

    <p class='ocr_par' dir='ltr' id='par_1_3' title="bbox 161 814 1506 2014">
     <span class='ocr_line' id='line_1_6' title="bbox 248 814 1438 898; baseline 0.001 -23"><span class='ocrx_word' id='word_1_41' title='bbox 248 814 374 876; x_wconf 82' lang='lat' dir='ltr'>Accedit</span> <span class='ocrx_word' id='word_1_42' title='bbox 397 814 478 895; x_wconf 90' lang='lat' dir='ltr'><strong>quod</strong></span> <span class='ocrx_word' id='word_1_43' title='bbox 502 835 605 878; x_wconf 86' lang='lat' dir='ltr'><strong>rnores</strong></span> <span class='ocrx_word' id='word_1_44' title='bbox 628 817 737 878; x_wconf 87' lang='lat' dir='ltr'><strong>horum</strong></span> <span class='ocrx_word' id='word_1_45' title='bbox 755 815 990 894; x_wconf 89' lang='lat' dir='ltr'><strong>judicandorum</strong></span> <span class='ocrx_word' id='word_1_46' title='bbox 1008 831 1107 892; x_wconf 86' lang='lat' dir='ltr'><strong>paene</strong></span> <span class='ocrx_word' id='word_1_47' title='bbox 1132 815 1167 875; x_wconf 90' lang='lat' dir='ltr'><strong>ad</strong></span> <span class='ocrx_word' id='word_1_48' title='bbox 1186 815 1308 898; x_wconf 78' lang='lat' dir='ltr'><strong>niodum</strong></span> <span class='ocrx_word' id='word_1_49' title='bbox 1327 828 1438 897; x_wconf 87' lang='lat' dir='ltr'><strong>aequa-</strong></span> 
     </span>
     <span class='ocr_line' id='line_1_7' title="bbox 163 899 1441 983; baseline 0 -21"><span class='ocrx_word' id='word_1_50' title='bbox 163 902 237 962; x_wconf 85' lang='lat' dir='ltr'><strong>lium</strong></span> <span class='ocrx_word' id='word_1_51' title='bbox 260 902 379 962; x_wconf 88' lang='lat' dir='ltr'><strong>illorum</strong></span> <span class='ocrx_word' id='word_1_52' title='bbox 397 901 513 963; x_wconf 92' lang='lat' dir='ltr'><strong>Noachi</strong></span> <span class='ocrx_word' id='word_1_53' title='bbox 536 902 670 965; x_wconf 83' lang='lat' dir='ltr'><strong>describi</strong></span> <span class='ocrx_word' id='word_1_54' title='bbox 696 902 842 964; x_wconf 89' lang='lat' dir='ltr'><strong>videmus.</strong></span> <span class='ocrx_word' id='word_1_55' title='bbox 880 899 1043 980; x_wconf 77' lang='grc' dir='ltr'><strong><em>Ἀσί1γειαι</em></strong></span> <span class='ocrx_word' id='word_1_56' title='bbox 1067 901 1228 979; x_wconf 76' lang='grc' dir='ltr'><strong><em>ἐπιθυμίαι</em></strong></span> <span class='ocrx_word' id='word_1_57' title='bbox 1251 901 1441 983; x_wconf 72' lang='grc' dir='ltr'><strong><em>οἰνοφλυγία</em></strong></span> 
     </span>
     <span class='ocr_line' id='line_1_8' title="bbox 163 982 1441 1093; baseline 0.005 -49"><span class='ocrx_word' id='word_1_58' title='bbox 163 991 261 1062; x_wconf 81' lang='grc' dir='ltr'><strong><em>κῶμαι</em></strong></span> <span class='ocrx_word' id='word_1_59' title='bbox 285 982 372 1047; x_wconf 78' lang='grc' dir='ltr'><strong><em>πότοι</em></strong></span> <span class='ocrx_word' id='word_1_60' title='bbox 391 989 455 1093; x_wconf 58' lang='lat' dir='ltr'><strong>qlll,</strong></span> <span class='ocrx_word' id='word_1_61' title='bbox 473 989 509 1063; x_wconf 82' lang='lat'><strong>3)</strong></span> <span class='ocrx_word' id='word_1_62' title='bbox 533 1006 637 1050; x_wconf 92' lang='lat' dir='ltr'><strong>nonne</strong></span> <span class='ocrx_word' id='word_1_63' title='bbox 661 989 759 1049; x_wconf 86' lang='lat' dir='ltr'><strong>cuivis</strong></span> <span class='ocrx_word' id='word_1_64' title='bbox 779 991 810 1048; x_wconf 92' lang='grc'><strong>11</strong></span> <span class='ocrx_word' id='word_1_65' title='bbox 834 994 966 1048; x_wconf 78' lang='lat' dir='ltr'><strong>mentem</strong></span> <span class='ocrx_word' id='word_1_66' title='bbox 988 994 1135 1048; x_wconf 83' lang='lat' dir='ltr'><strong>revocant</strong></span> <span class='ocrx_word' id='word_1_67' title='bbox 1156 988 1249 1049; x_wconf 86' lang='lat' dir='ltr'><strong>verba</strong></span> <span class='ocrx_word' id='word_1_68' title='bbox 1269 987 1382 1050; x_wconf 77' lang='lat' dir='ltr'><strong>Christi</strong></span> <span class='ocrx_word' id='word_1_69' title='bbox 1403 988 1441 1050; x_wconf 89' lang='lat' dir='ltr'><strong>de</strong></span> 
     </span>
     <span class='ocr_line' id='line_1_9' title="bbox 162 1070 1439 1157; baseline 0 -24"><span class='ocrx_word' id='word_1_70' title='bbox 162 1090 277 1150; x_wconf 84' lang='lat' dir='ltr'><strong>genere</strong></span> <span class='ocrx_word' id='word_1_71' title='bbox 299 1073 366 1133; x_wconf 86' lang='lat' dir='ltr'><strong>illo:</strong></span> <span class='ocrx_word' id='word_1_72' title='bbox 390 1094 470 1153; x_wconf 85' lang='grc' dir='ltr'><strong><em>ησαν</em></strong></span> <span class='ocrx_word' id='word_1_73' title='bbox 492 1071 724 1157; x_wconf 75' lang='grc' dir='ltr'><strong><em>-τρώγοντες</em></strong></span> <span class='ocrx_word' id='word_1_74' title='bbox 747 1074 797 1133; x_wconf 77' lang='grc' dir='ltr'><strong><em>καὶ</em></strong></span> <span class='ocrx_word' id='word_1_75' title='bbox 822 1074 973 1145; x_wconf 82' lang='grc' dir='ltr'><strong><em>πίνοντες,</em></strong></span> <span class='ocrx_word' id='word_1_76' title='bbox 996 1077 1168 1148; x_wconf 79' lang='grc' dir='ltr'><strong><em>γαμοῦντες</em></strong></span> <span class='ocrx_word' id='word_1_77' title='bbox 1190 1074 1239 1132; x_wconf 72' lang='grc' dir='ltr'><strong><em>καὶ</em></strong></span> <span class='ocrx_word' id='word_1_78' title='bbox 1261 1070 1439 1150; x_wconf 73' lang='grc' dir='ltr'><strong><em>ε’κγαμίζον·</em></strong></span> 
     </span>
     <span class='ocr_line' id='line_1_10' title="bbox 162 1157 1440 1237; baseline 0.003 -20"><span class='ocrx_word' id='word_1_79' title='bbox 162 1179 211 1229; x_wconf 69' lang='grc' dir='ltr'><strong><em>τις</em></strong></span> <span class='ocrx_word' id='word_1_80' title='bbox 240 1157 346 1237; x_wconf 87' lang='lat' dir='ltr'><strong>(Mtth.</strong></span> <span class='ocrx_word' id='word_1_81' title='bbox 365 1159 466 1231; x_wconf 84' lang='lat' dir='ltr'>XXIV,</span> <span class='ocrx_word' id='word_1_82' title='bbox 487 1161 568 1237; x_wconf 74' lang='grc'><strong>3811</strong></span> <span class='ocrx_word' id='word_1_83' title='bbox 623 1161 714 1222; x_wconf 85' lang='lat' dir='ltr'><strong>Certe</strong></span> <span class='ocrx_word' id='word_1_84' title='bbox 743 1160 801 1220; x_wconf 90' lang='lat' dir='ltr'><strong>hoc</strong></span> <span class='ocrx_word' id='word_1_85' title='bbox 824 1178 914 1221; x_wconf 89' lang='lat' dir='ltr'><strong>nemo</strong></span> <span class='ocrx_word' id='word_1_86' title='bbox 945 1159 1060 1220; x_wconf 82' lang='lat' dir='ltr'><strong>infitias</strong></span> <span class='ocrx_word' id='word_1_87' title='bbox 1090 1161 1175 1232; x_wconf 90' lang='lat' dir='ltr'><strong>ierit,</strong></span> <span class='ocrx_word' id='word_1_88' title='bbox 1208 1159 1310 1220; x_wconf 84' lang='lat' dir='ltr'><strong>verbis</strong></span> <span class='ocrx_word' id='word_1_89' title='bbox 1340 1161 1440 1237; x_wconf 88' lang='lat' dir='ltr'><strong>quinti</strong></span> 
     </span>
     <span class='ocr_line' id='line_1_11' title="bbox 164 1238 1443 1325; baseline 0.001 -20"><span class='ocrx_word' id='word_1_90' title='bbox 164 1262 276 1306; x_wconf 81' lang='lat' dir='ltr'><strong>versus</strong></span> <span class='ocrx_word' id='word_1_91' title='bbox 298 1280 341 1289; x_wconf 93' lang='lat'><em>-</em></span> <span class='ocrx_word' id='word_1_92' title='bbox 361 1242 406 1323; x_wconf 75' lang='grc' dir='ltr'><strong>μὴ</strong></span> <span class='ocrx_word' id='word_1_93' title='bbox 430 1240 659 1324; x_wconf 82' lang='grc' dir='ltr'><strong><em>συντρεχόντων</em></strong></span> <span class='ocrx_word' id='word_1_94' title='bbox 681 1240 768 1323; x_wconf 69' lang='grc' dir='ltr'><strong><em>,ὑμῶν</em></strong></span> <span class='ocrx_word' id='word_1_95' title='bbox 792 1245 832 1317; x_wconf 76' lang='grc' dir='ltr'><strong>εἷς</strong></span> <span class='ocrx_word' id='word_1_96' title='bbox 854 1244 909 1325; x_wconf 83' lang='grc' dir='ltr'><strong>τὴν</strong></span> <span class='ocrx_word' id='word_1_97' title='bbox 934 1240 1032 1324; x_wconf 69' lang='grc' dir='ltr'><strong><em>αὐτὴν</em></strong></span> <span class='ocrx_word' id='word_1_98' title='bbox 1055 1238 1111 1323; x_wconf 80' lang='grc' dir='ltr'><strong><em>τῆς</em></strong></span> <span class='ocrx_word' id='word_1_99' title='bbox 1131 1241 1268 1317; x_wconf 75' lang='grc' dir='ltr'><strong><em>ἀσωτίας</em></strong></span> <span class='ocrx_word' id='word_1_100' title='bbox 1293 1240 1443 1324; x_wconf 77' lang='grc' dir='ltr'><strong><em>ἀνάχυσιν</em></strong></span> 
     </span>
     <span class='ocr_line' id='line_1_12' title="bbox 164 1329 1442 1411; baseline 0.004 -21"><span class='ocrx_word' id='word_1_101' title='bbox 164 1329 291 1392; x_wconf 90' lang='lat' dir='ltr'><strong>eandem</strong></span> <span class='ocrx_word' id='word_1_102' title='bbox 316 1334 422 1397; x_wconf 88' lang='lat' dir='ltr'><strong>inesse</strong></span> <span class='ocrx_word' id='word_1_103' title='bbox 445 1349 559 1408; x_wconf 84' lang='lat' dir='ltr'><strong>parvae</strong></span> <span class='ocrx_word' id='word_1_104' title='bbox 583 1350 690 1393; x_wconf 88' lang='lat' dir='ltr'><strong>manus</strong></span> <span class='ocrx_word' id='word_1_105' title='bbox 713 1334 834 1411; x_wconf 92' lang='lat' dir='ltr'><strong>piorum</strong></span> <span class='ocrx_word' id='word_1_106' title='bbox 857 1350 925 1393; x_wconf 88' lang='lat' dir='ltr'><strong>curn</strong></span> <span class='ocrx_word' id='word_1_107' title='bbox 953 1331 1114 1407; x_wconf 88' lang='lat' dir='ltr'><strong>impiorum</strong></span> <span class='ocrx_word' id='word_1_108' title='bbox 1139 1331 1344 1405; x_wconf 89' lang='lat' dir='ltr'><strong>multitudiue,</strong></span> <span class='ocrx_word' id='word_1_109' title='bbox 1367 1350 1442 1410; x_wconf 89' lang='lat' dir='ltr'><strong>quo-</strong></span> 
     </span>
     <span class='ocr_line' id='line_1_13' title="bbox 163 1413 1442 1497; baseline 0.003 -21"><span class='ocrx_word' id='word_1_110' title='bbox 163 1433 232 1476; x_wconf 91' lang='lat' dir='ltr'><strong>rum</strong></span> <span class='ocrx_word' id='word_1_111' title='bbox 254 1420 455 1495; x_wconf 82' lang='lat' dir='ltr'><strong>protervitate</strong></span> <span class='ocrx_word' id='word_1_112' title='bbox 478 1424 622 1497; x_wconf 83' lang='lat' dir='ltr'><strong>tanquam</strong></span> <span class='ocrx_word' id='word_1_113' title='bbox 651 1419 719 1495; x_wconf 84' lang='lat' dir='ltr'><strong>lege</strong></span> <span class='ocrx_word' id='word_1_114' title='bbox 742 1413 885 1479; x_wconf 82' lang='lat' dir='ltr'><strong>omnibus</strong></span> <span class='ocrx_word' id='word_1_115' title='bbox 908 1416 1098 1478; x_wconf 87' lang='lat' dir='ltr'><strong>observanda</strong></span> <span class='ocrx_word' id='word_1_116' title='bbox 1121 1418 1209 1495; x_wconf 90' lang='lat' dir='ltr'><strong>pauci</strong></span> <span class='ocrx_word' id='word_1_117' title='bbox 1238 1418 1279 1477; x_wconf 91' lang='lat' dir='ltr'><strong>illi</strong></span> <span class='ocrx_word' id='word_1_118' title='bbox 1301 1435 1442 1495; x_wconf 89' lang='lat' dir='ltr'><strong>preman-</strong></span> 
     </span>
     <span class='ocr_line' id='line_1_14' title="bbox 162 1502 1443 1584; baseline 0.004 -22"><span class='ocrx_word' id='word_1_119' title='bbox 162 1507 228 1575; x_wconf 88' lang='lat' dir='ltr'><strong>tur,</strong></span> <span class='ocrx_word' id='word_1_120' title='bbox 252 1506 525 1581; x_wconf 89' lang='lat' dir='ltr'><strong>comparationem,</strong></span> <span class='ocrx_word' id='word_1_121' title='bbox 555 1521 633 1584; x_wconf 90' lang='lat' dir='ltr'><strong>quae</strong></span> <span class='ocrx_word' id='word_1_122' title='bbox 657 1505 830 1565; x_wconf 81' lang='lat' dir='ltr'><strong>declaratur</strong></span> <span class='ocrx_word' id='word_1_123' title='bbox 853 1521 945 1582; x_wconf 91' lang='lat' dir='ltr'><strong>supra</strong></span> <span class='ocrx_word' id='word_1_124' title='bbox 970 1520 1062 1583; x_wconf 91' lang='lat' dir='ltr'><strong>quum</strong></span> <span class='ocrx_word' id='word_1_125' title='bbox 1086 1508 1157 1563; x_wconf 89' lang='lat' dir='ltr'><strong>octo</strong></span> <span class='ocrx_word' id='word_1_126' title='bbox 1181 1505 1234 1581; x_wconf 92' lang='lat' dir='ltr'><strong>qui</strong></span> <span class='ocrx_word' id='word_1_127' title='bbox 1256 1502 1443 1567; x_wconf 86' lang='lat' dir='ltr'><strong>crediderint</strong></span> 
     </span>
     <span class='ocr_line' id='line_1_15' title="bbox 161 1588 1506 1668; baseline 0.002 -20"><span class='ocrx_word' id='word_1_128' title='bbox 161 1590 219 1649; x_wconf 91' lang='lat' dir='ltr'><strong>toti</strong></span> <span class='ocrx_word' id='word_1_129' title='bbox 241 1589 409 1650; x_wconf 88' lang='lat' dir='ltr'><strong>infidelium</strong></span> <span class='ocrx_word' id='word_1_130' title='bbox 432 1592 539 1665; x_wconf 79' lang='lat' dir='ltr'><strong>generi</strong></span> <span class='ocrx_word' id='word_1_131' title='bbox 561 1595 766 1668; x_wconf 88' lang='lat' dir='ltr'><strong>opponuntur.</strong></span> <span class='ocrx_word' id='word_1_132' title='bbox 807 1588 921 1651; x_wconf 85' lang='lat' dir='ltr'><strong>Eodem</strong></span> <span class='ocrx_word' id='word_1_133' title='bbox 944 1588 1034 1650; x_wconf 90' lang='lat' dir='ltr'><strong>modo</strong></span> <span class='ocrx_word' id='word_1_134' title='bbox 1060 1588 1118 1648; x_wconf 91' lang='lat' dir='ltr'><strong>suh</strong></span> <span class='ocrx_word' id='word_1_135' title='bbox 1145 1590 1237 1649; x_wconf 87' lang='grc'><strong>111111</strong></span> <span class='ocrx_word' id='word_1_136' title='bbox 1260 1590 1368 1666; x_wconf 88' lang='lat' dir='ltr'><strong>judicii</strong></span> <span class='ocrx_word' id='word_1_137' title='bbox 1391 1609 1441 1652; x_wconf 82' lang='lat' dir='ltr'><strong>ex·</strong></span> <span class='ocrx_word' id='word_1_138' title='bbox 1503 1627 1506 1636; x_wconf 88' lang='lat'><em>·</em></span> 
     </span>
     <span class='ocr_line' id='line_1_16' title="bbox 162 1674 1440 1757; baseline 0.003 -23"><span class='ocrx_word' id='word_1_139' title='bbox 162 1677 253 1757; x_wconf 75' lang='lat' dir='ltr'><strong>tremi</strong></span> <span class='ocrx_word' id='word_1_140' title='bbox 274 1679 466 1736; x_wconf 89' lang='lat' dir='ltr'><strong>mentionem·</strong></span> <span class='ocrx_word' id='word_1_141' title='bbox 482 1680 522 1737; x_wconf 86' lang='lat' dir='ltr'><strong>ita</strong></span> <span class='ocrx_word' id='word_1_142' title='bbox 546 1675 791 1747; x_wconf 71' lang='lat' dir='ltr'><strong>denudemus,</strong></span> <span class='ocrx_word' id='word_1_143' title='bbox 821 1682 856 1736; x_wconf 92' lang='lat' dir='ltr'><strong>ut</strong></span> <span class='ocrx_word' id='word_1_144' title='bbox 885 1676 923 1735; x_wconf 90' lang='lat' dir='ltr'><strong>ab</strong></span> <span class='ocrx_word' id='word_1_145' title='bbox 947 1674 1085 1752; x_wconf 87' lang='lat' dir='ltr'><strong>exemplo</strong></span> <span class='ocrx_word' id='word_1_146' title='bbox 1115 1675 1166 1735; x_wconf 91' lang='lat' dir='ltr'><strong>illo</strong></span> <span class='ocrx_word' id='word_1_147' title='bbox 1190 1679 1317 1753; x_wconf 87' lang='lat' dir='ltr'><strong>antiquo</strong></span> <span class='ocrx_word' id='word_1_148' title='bbox 1346 1679 1440 1738; x_wconf 90' lang='lat' dir='ltr'><strong>ratio·</strong></span> 
     </span>
     <span class='ocr_line' id='line_1_17' title="bbox 161 1755 1441 1839; baseline 0.003 -19"><span class='ocrx_word' id='word_1_149' title='bbox 161 1775 232 1821; x_wconf 78' lang='lat' dir='ltr'><strong>trem</strong></span> <span class='ocrx_word' id='word_1_150' title='bbox 256 1760 450 1823; x_wconf 84' lang='lat' dir='ltr'><strong>describendi</strong></span> <span class='ocrx_word' id='word_1_151' title='bbox 466 1767 630 1837; x_wconf 63' lang='lat' dir='ltr'><strong>&#39;mutuetur</strong></span> <span class='ocrx_word' id='word_1_152' title='bbox 653 1763 825 1839; x_wconf 83' lang='lat' dir='ltr'><strong>apostolus:</strong></span> <span class='ocrx_word' id='word_1_153' title='bbox 854 1760 886 1821; x_wconf 82' lang='grc' dir='ltr'><strong><em>τί</em></strong></span> <span class='ocrx_word' id='word_1_154' title='bbox 910 1755 944 1820; x_wconf 78' lang='grc' dir='ltr'><strong><em>τὸ</em></strong></span> <span class='ocrx_word' id='word_1_155' title='bbox 972 1761 1057 1832; x_wconf 74' lang='grc' dir='ltr'><strong><em>τέλος</em></strong></span> <span class='ocrx_word' id='word_1_156' title='bbox 1084 1764 1146 1821; x_wconf 85' lang='grc' dir='ltr'><strong>τῶν</strong></span> <span class='ocrx_word' id='word_1_157' title='bbox 1173 1757 1441 1824; x_wconf 68' lang='grc' dir='ltr'><strong><em>ἀπειθούντων</em></strong></span> 
     </span>
     <span class='ocr_line' id='line_1_18' title="bbox 161 1840 1442 1931; baseline 0.003 -26"><span class='ocrx_word' id='word_1_158' title='bbox 161 1850 204 1928; x_wconf 81' lang='grc' dir='ltr'><strong><em>τῷ</em></strong></span> <span class='ocrx_word' id='word_1_159' title='bbox 227 1850 283 1907; x_wconf 84' lang='grc' dir='ltr'><strong><em>τοῦ</em></strong></span> <span class='ocrx_word' id='word_1_160' title='bbox 307 1849 383 1906; x_wconf 73' lang='grc' dir='ltr'><strong>θεοῖ</strong></span> <span class='ocrx_word' id='word_1_161' title='bbox 401 1844 581 1931; x_wconf 65' lang='grc' dir='ltr'><strong><em>εὐαγγελίοις</em></strong></span> <span class='ocrx_word' id='word_1_162' title='bbox 604 1849 653 1908; x_wconf 77' lang='grc' dir='ltr'><strong><em>καί</em></strong></span> <span class='ocrx_word' id='word_1_163' title='bbox 677 1841 740 1907; x_wconf 75' lang='grc' dir='ltr'><strong>1ἲὸ</strong></span> <span class='ocrx_word' id='word_1_164' title='bbox 765 1846 911 1918; x_wconf 78' lang='grc' dir='ltr'><strong><em>δίκαιος</em></strong></span> <span class='ocrx_word' id='word_1_165' title='bbox 931 1844 1042 1931; x_wconf 78' lang='grc' dir='ltr'><strong><em>μόλις</em></strong></span> <span class='ocrx_word' id='word_1_166' title='bbox 1064 1840 1240 1926; x_wconf 73' lang='grc' dir='ltr'><strong><em>σώζεται,</em></strong></span> <span class='ocrx_word' id='word_1_167' title='bbox 1263 1840 1279 1907; x_wconf 82' lang='grc' dir='ltr'>ὅ</span> <span class='ocrx_word' id='word_1_168' title='bbox 1303 1845 1442 1928; x_wconf 77' lang='grc' dir='ltr'><strong><em>ἀσεβὴς</em></strong></span> 
     </span>
     <span class='ocr_line' id='line_1_19' title="bbox 162 1925 936 2014; baseline 0.006 -24"><span class='ocrx_word' id='word_1_169' title='bbox 162 1930 212 1990; x_wconf 80' lang='grc' dir='ltr'><strong><em>καὶ</em></strong></span> <span class='ocrx_word' id='word_1_170' title='bbox 235 1925 422 2013; x_wconf 76' lang='grc' dir='ltr'><strong><em>ἁμαρτωλὸς</em></strong></span> <span class='ocrx_word' id='word_1_171' title='bbox 444 1938 503 1995; x_wconf 84' lang='grc' dir='ltr'><strong>σοῦ</strong></span> <span class='ocrx_word' id='word_1_172' title='bbox 526 1935 704 2014; x_wconf 81' lang='grc' dir='ltr'><strong>φανεῖται;1</strong></span> <span class='ocrx_word' id='word_1_173' title='bbox 934 1981 936 1985; x_wconf 89' lang='grc'><strong>-</strong></span> 
     </span>
    </p>

    <p class='ocr_par' dir='ltr' id='par_1_4' title="bbox 112 2017 1518 3388">
     <span class='ocr_line' id='line_1_20' title="bbox 251 2017 1438 2097; baseline 0.003 -18"><span class='ocrx_word' id='word_1_174' title='bbox 251 2017 354 2091; x_wconf 76' lang='lat' dir='ltr'><strong>Qualis</strong></span> <span class='ocrx_word' id='word_1_175' title='bbox 375 2037 505 2097; x_wconf 88' lang='lat' dir='ltr'><strong>quaeso,</strong></span> <span class='ocrx_word' id='word_1_176' title='bbox 523 2025 556 2080; x_wconf 91' lang='lat' dir='ltr'><strong>ut</strong></span> <span class='ocrx_word' id='word_1_177' title='bbox 570 2020 630 2080; x_wconf 94' lang='lat' dir='ltr'><strong>hoc</strong></span> <span class='ocrx_word' id='word_1_178' title='bbox 644 2023 756 2081; x_wconf 89' lang='lat' dir='ltr'><strong>iterum</strong></span> <span class='ocrx_word' id='word_1_179' title='bbox 773 2037 808 2080; x_wconf 89' lang='lat' dir='ltr'><strong>ac</strong></span> <span class='ocrx_word' id='word_1_180' title='bbox 824 2036 918 2096; x_wconf 84' lang='lat' dir='ltr'><strong>saepe</strong></span> <span class='ocrx_word' id='word_1_181' title='bbox 931 2023 1084 2096; x_wconf 89' lang='lat' dir='ltr'><strong>repetam,</strong></span> <span class='ocrx_word' id='word_1_182' title='bbox 1102 2022 1327 2096; x_wconf 79' lang='lat' dir='ltr'><strong>argumentatio</strong></span> <span class='ocrx_word' id='word_1_183' title='bbox 1344 2027 1438 2092; x_wconf 86' lang='lat' dir='ltr'><strong>esset,</strong></span> 
     </span>
     <span class='ocr_line' id='line_1_21' title="bbox 162 2104 1439 2192; baseline 0.003 -28"><span class='ocrx_word' id='word_1_184' title='bbox 162 2106 190 2164; x_wconf 87' lang='lat' dir='ltr'><strong>sl</strong></span> <span class='ocrx_word' id='word_1_185' title='bbox 212 2120 353 2165; x_wconf 89' lang='lat' dir='ltr'><strong>severum</strong></span> <span class='ocrx_word' id='word_1_186' title='bbox 379 2105 541 2192; x_wconf 88' lang='lat' dir='ltr'><strong>aliquando</strong></span> <span class='ocrx_word' id='word_1_187' title='bbox 565 2124 582 2165; x_wconf 88' lang='lat' dir='ltr'><strong>a</strong></span> <span class='ocrx_word' id='word_1_188' title='bbox 606 2106 727 2166; x_wconf 82' lang='lat' dir='ltr'><strong>Christo</strong></span> <span class='ocrx_word' id='word_1_189' title='bbox 751 2106 910 2170; x_wconf 88' lang='lat' dir='ltr'><strong>imminere</strong></span> <span class='ocrx_word' id='word_1_190' title='bbox 932 2104 1080 2181; x_wconf 88' lang='lat' dir='ltr'><strong>judicium</strong></span> <span class='ocrx_word' id='word_1_191' title='bbox 1107 2105 1146 2165; x_wconf 88' lang='lat' dir='ltr'><strong>iis</strong></span> <span class='ocrx_word' id='word_1_192' title='bbox 1170 2108 1222 2181; x_wconf 91' lang='lat' dir='ltr'><strong>qui</strong></span> <span class='ocrx_word' id='word_1_193' title='bbox 1239 2104 1276 2164; x_wconf 90' lang='lat' dir='ltr'><strong>ad</strong></span> <span class='ocrx_word' id='word_1_194' title='bbox 1300 2107 1439 2168; x_wconf 91' lang='lat' dir='ltr'><strong>similitu·</strong></span> 
     </span>
     <span class='ocr_line' id='line_1_22' title="bbox 163 2189 1441 2270; baseline 0.002 -19"><span class='ocrx_word' id='word_1_195' title='bbox 163 2189 264 2251; x_wconf 89' lang='lat' dir='ltr'><strong>dinem</strong></span> <span class='ocrx_word' id='word_1_196' title='bbox 290 2191 461 2268; x_wconf 85' lang='lat' dir='ltr'><strong>aequalium</strong></span> <span class='ocrx_word' id='word_1_197' title='bbox 479 2191 595 2269; x_wconf 85' lang='lat' dir='ltr'><strong>Noachi</strong></span> <span class='ocrx_word' id='word_1_198' title='bbox 617 2196 783 2270; x_wconf 82' lang='lat' dir='ltr'><strong>peccarent</strong></span> <span class='ocrx_word' id='word_1_199' title='bbox 804 2189 1041 2252; x_wconf 85' lang='lat' dir='ltr'><strong>concluderetur</strong></span> <span class='ocrx_word' id='word_1_200' title='bbox 1056 2208 1072 2250; x_wconf 93' lang='lat' dir='ltr'><strong>e</strong></span> <span class='ocrx_word' id='word_1_201' title='bbox 1090 2207 1214 2252; x_wconf 87' lang='lat' dir='ltr'><strong>carcere</strong></span> <span class='ocrx_word' id='word_1_202' title='bbox 1234 2192 1342 2269; x_wconf 84' lang='lat' dir='ltr'><strong>horum</strong></span> <span class='ocrx_word' id='word_1_203' title='bbox 1359 2195 1441 2270; x_wconf 89' lang='lat' dir='ltr'><strong>ipso-</strong></span> 
     </span>
     <span class='ocr_line' id='line_1_23' title="bbox 161 2275 1439 2357; baseline 0.005 -23"><span class='ocrx_word' id='word_1_204' title='bbox 161 2292 229 2336; x_wconf 92' lang='lat' dir='ltr'><strong>rum</strong></span> <span class='ocrx_word' id='word_1_205' title='bbox 245 2294 302 2353; x_wconf 89' lang='lat' dir='ltr'><strong>per</strong></span> <span class='ocrx_word' id='word_1_206' title='bbox 320 2275 450 2337; x_wconf 90' lang='lat' dir='ltr'><strong>eundem</strong></span> <span class='ocrx_word' id='word_1_207' title='bbox 468 2277 624 2339; x_wconf 84' lang='lat' dir='ltr'><strong>Christum</strong></span> <span class='ocrx_word' id='word_1_208' title='bbox 645 2275 802 2339; x_wconf 68' lang='grc' dir='ltr'><strong>1111111.Ξ</strong></span> <span class='ocrx_word' id='word_1_209' title='bbox 824 2277 918 2338; x_wconf 90' lang='lat' dir='ltr'><strong>lmmo</strong></span> <span class='ocrx_word' id='word_1_210' title='bbox 942 2277 1055 2338; x_wconf 91' lang='lat' dir='ltr'><strong>clarius</strong></span> <span class='ocrx_word' id='word_1_211' title='bbox 1072 2278 1164 2337; x_wconf 85' lang='lat' dir='ltr'><strong>etiam</strong></span> <span class='ocrx_word' id='word_1_212' title='bbox 1187 2278 1356 2355; x_wconf 88' lang='lat' dir='ltr'><strong>apparebit,</strong></span> <span class='ocrx_word' id='word_1_213' title='bbox 1378 2297 1439 2357; x_wconf 90' lang='lat' dir='ltr'><strong>quo</strong></span> 
     </span>
     <span class='ocr_line' id='line_1_24' title="bbox 162 2361 1441 2442; baseline 0.004 -21"><span class='ocrx_word' id='word_1_214' title='bbox 162 2361 252 2422; x_wconf 87' lang='lat' dir='ltr'><strong>modo</strong></span> <span class='ocrx_word' id='word_1_215' title='bbox 278 2380 371 2440; x_wconf 90' lang='lat' dir='ltr'><strong>supra</strong></span> <span class='ocrx_word' id='word_1_216' title='bbox 393 2362 542 2440; x_wconf 89' lang='lat' dir='ltr'><strong>procedat</strong></span> <span class='ocrx_word' id='word_1_217' title='bbox 564 2365 697 2442; x_wconf 89' lang='lat' dir='ltr'><strong>apostoli</strong></span> <span class='ocrx_word' id='word_1_218' title='bbox 719 2365 953 2441; x_wconf 83' lang='lat' dir='ltr'><strong>argumentatio.</strong></span> <span class='ocrx_word' id='word_1_219' title='bbox 987 2364 1101 2441; x_wconf 90' lang='lat' dir='ltr'><strong>lmpios</strong></span> <span class='ocrx_word' id='word_1_220' title='bbox 1124 2365 1256 2440; x_wconf 90' lang='lat' dir='ltr'><strong>primum</strong></span> <span class='ocrx_word' id='word_1_221' title='bbox 1282 2366 1441 2426; x_wconf 82' lang='lat' dir='ltr'><strong>confutan-</strong></span> 
     </span>
     <span class='ocr_line' id='line_1_25' title="bbox 112 2447 1439 2528; baseline 0.002 -21"><span class='ocrx_word' id='word_1_222' title='bbox 112 2451 114 2460; x_wconf 74' lang='lat'><strong><em>‘</em></strong></span> <span class='ocrx_word' id='word_1_223' title='bbox 161 2447 218 2508; x_wconf 93' lang='lat' dir='ltr'><strong>dos</strong></span> <span class='ocrx_word' id='word_1_224' title='bbox 248 2466 305 2524; x_wconf 92' lang='lat' dir='ltr'><strong>per</strong></span> <span class='ocrx_word' id='word_1_225' title='bbox 333 2449 485 2510; x_wconf 81' lang='lat' dir='ltr'><strong>Christum</strong></span> <span class='ocrx_word' id='word_1_226' title='bbox 516 2452 617 2528; x_wconf 89' lang='lat' dir='ltr'><strong>ipsum</strong></span> <span class='ocrx_word' id='word_1_227' title='bbox 646 2449 807 2510; x_wconf 89' lang='lat' dir='ltr'><strong>liberatum</strong></span> <span class='ocrx_word' id='word_1_228' title='bbox 838 2449 875 2508; x_wconf 88' lang='lat' dir='ltr'><strong>ab</strong></span> <span class='ocrx_word' id='word_1_229' title='bbox 904 2451 1067 2525; x_wconf 87' lang='lat' dir='ltr'><strong>impiorum</strong></span> <span class='ocrx_word' id='word_1_230' title='bbox 1099 2449 1240 2512; x_wconf 89' lang='lat' dir='ltr'><strong>violentia</strong></span> <span class='ocrx_word' id='word_1_231' title='bbox 1270 2451 1343 2526; x_wconf 80' lang='lat' dir='ltr'><strong>(cir.</strong></span> <span class='ocrx_word' id='word_1_232' title='bbox 1374 2454 1439 2510; x_wconf 72' lang='grc' dir='ltr'><strong><em>θα·</em></strong></span> 
     </span>
     <span class='ocr_line' id='line_1_26' title="bbox 161 2532 1441 2615; baseline 0.005 -24"><span class='ocrx_word' id='word_1_233' title='bbox 161 2532 312 2605; x_wconf 75' lang='grc' dir='ltr'><strong><em>ναιωθείς</em></strong></span> <span class='ocrx_word' id='word_1_234' title='bbox 342 2552 409 2594; x_wconf 90' lang='lat' dir='ltr'><strong>cum</strong></span> <span class='ocrx_word' id='word_1_235' title='bbox 438 2534 478 2606; x_wconf 89' lang='grc'><strong>11,</strong></span> <span class='ocrx_word' id='word_1_236' title='bbox 502 2539 539 2612; x_wconf 79' lang='grc'><strong>7)</strong></span> <span class='ocrx_word' id='word_1_237' title='bbox 573 2537 735 2596; x_wconf 84' lang='lat' dir='ltr'><strong>confirmat</strong></span> <span class='ocrx_word' id='word_1_238' title='bbox 760 2537 918 2613; x_wconf 81' lang='lat' dir='ltr'><strong>exemplo,</strong></span> <span class='ocrx_word' id='word_1_239' title='bbox 954 2541 1118 2613; x_wconf 89' lang='lat' dir='ltr'><strong>antequam</strong></span> <span class='ocrx_word' id='word_1_240' title='bbox 1152 2535 1374 2615; x_wconf 86' lang='lat' dir='ltr'><strong>servandorum</strong></span> <span class='ocrx_word' id='word_1_241' title='bbox 1409 2542 1441 2598; x_wconf 91' lang='lat' dir='ltr'><strong>et</strong></span> 
     </span>
     <span class='ocr_line' id='line_1_27' title="bbox 160 2617 1440 2699; baseline 0.003 -19"><span class='ocrx_word' id='word_1_242' title='bbox 160 2617 390 2697; x_wconf 85' lang='lat' dir='ltr'><strong>purgandorum</strong></span> <span class='ocrx_word' id='word_1_243' title='bbox 419 2622 540 2696; x_wconf 89' lang='lat' dir='ltr'><strong>piorum</strong></span> <span class='ocrx_word' id='word_1_244' title='bbox 562 2639 648 2699; x_wconf 85' lang='lat' dir='ltr'><strong>spem</strong></span> <span class='ocrx_word' id='word_1_245' title='bbox 672 2623 810 2682; x_wconf 84' lang='lat' dir='ltr'><strong>acriam</strong></span> <span class='ocrx_word' id='word_1_246' title='bbox 834 2626 988 2681; x_wconf 90' lang='lat' dir='ltr'><strong>monstret</strong></span> <span class='ocrx_word' id='word_1_247' title='bbox 1010 2620 1119 2684; x_wconf 86' lang='lat' dir='ltr'><strong>denuo.</strong></span> <span class='ocrx_word' id='word_1_248' title='bbox 1163 2620 1249 2699; x_wconf 85' lang='lat' dir='ltr'><strong>Loci</strong></span> <span class='ocrx_word' id='word_1_249' title='bbox 1256 2624 1321 2699; x_wconf 90' lang='lat' dir='ltr'><strong>jam</strong></span> <span class='ocrx_word' id='word_1_250' title='bbox 1344 2624 1440 2684; x_wconf 90' lang='lat' dir='ltr'><strong>inser-</strong></span> 
     </span>
     <span class='ocr_line' id='line_1_28' title="bbox 159 2695 1438 2784; baseline 0.002 -18"><span class='ocrx_word' id='word_1_251' title='bbox 159 2708 246 2766; x_wconf 87' lang='lat' dir='ltr'><strong>viunt</strong></span> <span class='ocrx_word' id='word_1_252' title='bbox 274 2708 320 2767; x_wconf 89' lang='lat' dir='ltr'><strong>rei</strong></span> <span class='ocrx_word' id='word_1_253' title='bbox 348 2706 569 2784; x_wconf 85' lang='lat' dir='ltr'><strong>depingendae.</strong></span> <span class='ocrx_word' id='word_1_254' title='bbox 614 2695 662 2767; x_wconf 75' lang='lat' dir='ltr'><strong>hd</strong></span> <span class='ocrx_word' id='word_1_255' title='bbox 685 2724 842 2767; x_wconf 86' lang='lat' dir='ltr'><strong>carcerem</strong></span> <span class='ocrx_word' id='word_1_256' title='bbox 866 2708 979 2784; x_wconf 91' lang='lat' dir='ltr'><strong>quippe</strong></span> <span class='ocrx_word' id='word_1_257' title='bbox 1003 2707 1056 2767; x_wconf 92' lang='lat' dir='ltr'><strong>ubi</strong></span> <span class='ocrx_word' id='word_1_258' title='bbox 1073 2706 1191 2784; x_wconf 85' lang='lat' dir='ltr'><strong>judicio</strong></span> <span class='ocrx_word' id='word_1_259' title='bbox 1215 2706 1340 2769; x_wconf 83' lang='lat' dir='ltr'><strong>obnoxii</strong></span> <span class='ocrx_word' id='word_1_260' title='bbox 1356 2708 1438 2775; x_wconf 71' lang='lat' dir='ltr'><strong>,deti-</strong></span> 
     </span>
     <span class='ocr_line' id='line_1_29' title="bbox 159 2790 1440 2872; baseline 0.004 -21"><span class='ocrx_word' id='word_1_261' title='bbox 159 2796 292 2852; x_wconf 90' lang='lat' dir='ltr'><strong>neantur</strong></span> <span class='ocrx_word' id='word_1_262' title='bbox 319 2795 449 2870; x_wconf 90' lang='lat' dir='ltr'><strong>primum</strong></span> <span class='ocrx_word' id='word_1_263' title='bbox 479 2791 640 2852; x_wconf 89' lang='lat' dir='ltr'><strong>descendit</strong></span> <span class='ocrx_word' id='word_1_264' title='bbox 666 2795 766 2854; x_wconf 88' lang='lat' dir='ltr'><strong>victor</strong></span> <span class='ocrx_word' id='word_1_265' title='bbox 792 2797 823 2852; x_wconf 91' lang='lat' dir='ltr'><strong>et</strong></span> <span class='ocrx_word' id='word_1_266' title='bbox 840 2790 950 2869; x_wconf 83' lang='lat' dir='ltr'><strong>judex,</strong></span> <span class='ocrx_word' id='word_1_267' title='bbox 982 2792 1093 2853; x_wconf 91' lang='lat' dir='ltr'><strong>deinde</strong></span> <span class='ocrx_word' id='word_1_268' title='bbox 1116 2793 1260 2872; x_wconf 33' lang='lat' dir='ltr'><strong>ascendit,</strong></span> <span class='ocrx_word' id='word_1_269' title='bbox 1275 2794 1313 2854; x_wconf 86' lang='lat' dir='ltr'><strong>ad</strong></span> <span class='ocrx_word' id='word_1_270' title='bbox 1334 2795 1440 2857; x_wconf 87' lang='lat' dir='ltr'><strong>coelos</strong></span> 
     </span>
     <span class='ocr_line' id='line_1_30' title="bbox 160 2877 1439 2961; baseline 0.005 -25"><span class='ocrx_word' id='word_1_271' title='bbox 160 2880 255 2956; x_wconf 81' lang='lat' dir='ltr'><strong>quasi</strong></span> <span class='ocrx_word' id='word_1_272' title='bbox 271 2880 301 2936; x_wconf 91' lang='lat' dir='ltr'><strong>in</strong></span> <span class='ocrx_word' id='word_1_273' title='bbox 331 2878 479 2949; x_wconf 87' lang='lat' dir='ltr'><strong>tribunal,</strong></span> <span class='ocrx_word' id='word_1_274' title='bbox 508 2883 578 2938; x_wconf 89' lang='lat' dir='ltr'><strong>ante</strong></span> <span class='ocrx_word' id='word_1_275' title='bbox 601 2877 682 2956; x_wconf 93' lang='lat' dir='ltr'><strong>quod</strong></span> <span class='ocrx_word' id='word_1_276' title='bbox 710 2895 802 2961; x_wconf 84' lang='lat' dir='ltr'><strong>causa</strong></span> <span class='ocrx_word' id='word_1_277' title='bbox 826 2878 1070 2939; x_wconf 83' lang='lat' dir='ltr'><strong>Christianorum</strong></span> <span class='ocrx_word' id='word_1_278' title='bbox 1096 2880 1295 2956; x_wconf 86' lang='lat' dir='ltr'><strong>omniumque</strong></span> <span class='ocrx_word' id='word_1_279' title='bbox 1318 2883 1439 2957; x_wconf 89' lang='lat' dir='ltr'><strong>piorum</strong></span> 
     </span>
     <span class='ocr_line' id='line_1_31' title="bbox 161 2960 1439 3043; baseline 0.004 -20"><span class='ocrx_word' id='word_1_280' title='bbox 161 2963 293 3042; x_wconf 91' lang='lat' dir='ltr'><strong>denique</strong></span> <span class='ocrx_word' id='word_1_281' title='bbox 317 2964 499 3025; x_wconf 89' lang='lat' dir='ltr'><strong>decernatur</strong></span> <span class='ocrx_word' id='word_1_282' title='bbox 513 2964 635 3042; x_wconf 92' lang='lat' dir='ltr'><strong>publice</strong></span> <span class='ocrx_word' id='word_1_283' title='bbox 655 2964 703 3043; x_wconf 80' lang='lat' dir='ltr'><strong>(ci.</strong></span> <span class='ocrx_word' id='word_1_284' title='bbox 723 2960 777 3036; x_wconf 88' lang='lat' dir='ltr'><strong>Ill,</strong></span> <span class='ocrx_word' id='word_1_285' title='bbox 798 2965 836 3026; x_wconf 88' lang='lat'><strong>16</strong></span> <span class='ocrx_word' id='word_1_286' title='bbox 859 2982 927 3024; x_wconf 91' lang='lat' dir='ltr'><strong>cum</strong></span> <span class='ocrx_word' id='word_1_287' title='bbox 945 2963 998 3035; x_wconf 87' lang='lat' dir='ltr'><strong>lV,</strong></span> <span class='ocrx_word' id='word_1_288' title='bbox 1015 2964 1055 3042; x_wconf 82' lang='lat'><strong>5).</strong></span> <span class='ocrx_word' id='word_1_289' title='bbox 1099 2964 1210 3025; x_wconf 88' lang='lat' dir='ltr'><strong>Eadem</strong></span> <span class='ocrx_word' id='word_1_290' title='bbox 1229 2967 1322 3042; x_wconf 88' lang='lat' dir='ltr'><strong>igitur</strong></span> <span class='ocrx_word' id='word_1_291' title='bbox 1340 2984 1439 3043; x_wconf 89' lang='lat' dir='ltr'><strong>paene</strong></span> 
     </span>
     <span class='ocr_line' id='line_1_32' title="bbox 159 3047 1518 3128; baseline 0.003 -19"><span class='ocrx_word' id='word_1_292' title='bbox 159 3052 284 3127; x_wconf 90' lang='lat' dir='ltr'><strong>partitio</strong></span> <span class='ocrx_word' id='word_1_293' title='bbox 308 3051 366 3111; x_wconf 89' lang='lat' dir='ltr'><strong>hoc</strong></span> <span class='ocrx_word' id='word_1_294' title='bbox 389 3050 456 3111; x_wconf 90' lang='lat' dir='ltr'><strong>loco</strong></span> <span class='ocrx_word' id='word_1_295' title='bbox 478 3052 597 3111; x_wconf 90' lang='lat' dir='ltr'><strong>obtinet</strong></span> <span class='ocrx_word' id='word_1_296' title='bbox 619 3068 653 3110; x_wconf 91' lang='lat' dir='ltr'><strong>ac</strong></span> <span class='ocrx_word' id='word_1_297' title='bbox 677 3068 768 3128; x_wconf 92' lang='lat' dir='ltr'><strong>quam</strong></span> <span class='ocrx_word' id='word_1_298' title='bbox 783 3047 892 3111; x_wconf 91' lang='lat' dir='ltr'><strong>ordine</strong></span> <span class='ocrx_word' id='word_1_299' title='bbox 908 3052 1032 3110; x_wconf 84' lang='lat' dir='ltr'><strong>inverso</strong></span> <span class='ocrx_word' id='word_1_300' title='bbox 1048 3052 1177 3127; x_wconf 88' lang='lat' dir='ltr'><strong>legimus</strong></span> <span class='ocrx_word' id='word_1_301' title='bbox 1192 3053 1224 3111; x_wconf 93' lang='lat' dir='ltr'><strong>in</strong></span> <span class='ocrx_word' id='word_1_302' title='bbox 1239 3052 1335 3113; x_wconf 86' lang='lat' dir='ltr'><strong>altera</strong></span> <span class='ocrx_word' id='word_1_303' title='bbox 1352 3051 1438 3113; x_wconf 91' lang='lat' dir='ltr'><strong>Petri</strong></span> <span class='ocrx_word' id='word_1_304' title='bbox 1514 3060 1518 3071; x_wconf 85' lang='lat'><em>&#39;</em></span> 
     </span>
     <span class='ocr_line' id='line_1_33' title="bbox 159 3129 1438 3217; baseline 0.002 -23"><span class='ocrx_word' id='word_1_305' title='bbox 159 3136 290 3214; x_wconf 84' lang='lat' dir='ltr'><strong>epistola</strong></span> <span class='ocrx_word' id='word_1_306' title='bbox 312 3136 364 3212; x_wconf 87' lang='lat' dir='ltr'><strong>(ll,</strong></span> <span class='ocrx_word' id='word_1_307' title='bbox 384 3138 430 3212; x_wconf 84' lang='lat'><strong>9):</strong></span> <span class='ocrx_word' id='word_1_308' title='bbox 454 3131 517 3196; x_wconf 75' lang='grc' dir='ltr'><strong><em>οἶδε</em></strong></span> <span class='ocrx_word' id='word_1_309' title='bbox 539 3130 643 3216; x_wconf 83' lang='grc' dir='ltr'><strong><em>κύριος</em></strong></span> <span class='ocrx_word' id='word_1_310' title='bbox 665 3133 800 3210; x_wconf 79' lang='grc' dir='ltr'><strong><em>εὐσεβεῖς</em></strong></span> <span class='ocrx_word' id='word_1_311' title='bbox 830 3134 862 3195; x_wconf 72' lang='grc' dir='ltr'><strong>ἐκ</strong></span> <span class='ocrx_word' id='word_1_312' title='bbox 884 3140 1058 3215; x_wconf 82' lang='grc' dir='ltr'><strong><em>πειρασμοῦ</em></strong></span> <span class='ocrx_word' id='word_1_313' title='bbox 1080 3129 1231 3217; x_wconf 75' lang='grc' dir='ltr'><strong><em>ῥύεσθαι,</em></strong></span> <span class='ocrx_word' id='word_1_314' title='bbox 1255 3134 1438 3209; x_wconf 61' lang='grc'><strong>11111111</strong></span> 
     </span>
     <span class='ocr_line' id='line_1_34' title="bbox 161 3215 1440 3302; baseline 0.004 -22"><span class='ocrx_word' id='word_1_315' title='bbox 161 3222 204 3292; x_wconf 81' lang='grc' dir='ltr'><strong>εἰς</strong></span> <span class='ocrx_word' id='word_1_316' title='bbox 225 3215 344 3300; x_wconf 72' lang='grc' dir='ltr'><strong><em>ἡμέραν</em></strong></span> <span class='ocrx_word' id='word_1_317' title='bbox 367 3221 493 3301; x_wconf 75' lang='grc' dir='ltr'><strong><em>κρίσεως</em></strong></span> <span class='ocrx_word' id='word_1_318' title='bbox 515 3219 739 3298; x_wconf 73' lang='grc' dir='ltr'><strong><em>κολαζομένους</em></strong></span> <span class='ocrx_word' id='word_1_319' title='bbox 760 3227 903 3302; x_wconf 81' lang='grc' dir='ltr'><strong><em>τηρεῖν,</em></strong></span> <span class='ocrx_word' id='word_1_320' title='bbox 927 3239 1006 3300; x_wconf 90' lang='lat' dir='ltr'><strong>quae</strong></span> <span class='ocrx_word' id='word_1_321' title='bbox 1030 3223 1183 3282; x_wconf 83' lang='lat' dir='ltr'><strong>sententia</strong></span> <span class='ocrx_word' id='word_1_322' title='bbox 1206 3240 1297 3299; x_wconf 88' lang='lat' dir='ltr'><strong>quam</strong></span> <span class='ocrx_word' id='word_1_323' title='bbox 1315 3228 1385 3301; x_wconf 77' lang='lat' dir='ltr'><strong>apte</strong></span> <span class='ocrx_word' id='word_1_324' title='bbox 1407 3230 1440 3285; x_wconf 86' lang='lat' dir='ltr'><strong>et</strong></span> 
     </span>
     <span class='ocr_line' id='line_1_35' title="bbox 161 3308 1437 3388; baseline 0.002 -20"><span class='ocrx_word' id='word_1_325' title='bbox 161 3324 231 3368; x_wconf 91' lang='lat' dir='ltr'><strong>cum</strong></span> <span class='ocrx_word' id='word_1_326' title='bbox 254 3312 435 3384; x_wconf 88' lang='lat' dir='ltr'><strong>argumento</strong></span> <span class='ocrx_word' id='word_1_327' title='bbox 458 3310 572 3386; x_wconf 90' lang='lat' dir='ltr'><strong>prioris</strong></span> <span class='ocrx_word' id='word_1_328' title='bbox 596 3308 746 3386; x_wconf 89' lang='lat' dir='ltr'><strong>epistolae</strong></span> <span class='ocrx_word' id='word_1_329' title='bbox 770 3313 802 3368; x_wconf 91' lang='lat' dir='ltr'><strong>et</strong></span> <span class='ocrx_word' id='word_1_330' title='bbox 824 3324 892 3368; x_wconf 91' lang='lat' dir='ltr'><strong>cnm</strong></span> <span class='ocrx_word' id='word_1_331' title='bbox 911 3308 1010 3368; x_wconf 86' lang='lat' dir='ltr'><strong>nostri</strong></span> <span class='ocrx_word' id='word_1_332' title='bbox 1030 3308 1088 3369; x_wconf 91' lang='lat' dir='ltr'><strong>loci</strong></span> <span class='ocrx_word' id='word_1_333' title='bbox 1105 3311 1249 3369; x_wconf 83' lang='lat' dir='ltr'><strong>contextu</strong></span> <span class='ocrx_word' id='word_1_334' title='bbox 1267 3312 1307 3388; x_wconf 83' lang='lat' dir='ltr'><strong>(v.</strong></span> <span class='ocrx_word' id='word_1_335' title='bbox 1325 3311 1370 3372; x_wconf 82' lang='lat'><strong>12.</strong></span> <span class='ocrx_word' id='word_1_336' title='bbox 1390 3313 1437 3374; x_wconf 88' lang='grc'><strong>14.</strong></span> 
     </span>
    </p>

    <p class='ocr_par' dir='ltr' id='par_1_5' title="bbox 164 3393 893 3469">
     <span class='ocr_line' id='line_1_36' title="bbox 164 3393 893 3469; baseline -0.007 -12"><span class='ocrx_word' id='word_1_337' title='bbox 164 3395 211 3457; x_wconf 90' lang='grc'><strong>16.</strong></span> <span class='ocrx_word' id='word_1_338' title='bbox 228 3396 279 3469; x_wconf 78' lang='grc'><strong>17)</strong></span> <span class='ocrx_word' id='word_1_339' title='bbox 303 3395 499 3466; x_wconf 84' lang='lat' dir='ltr'><strong>conveniret,</strong></span> <span class='ocrx_word' id='word_1_340' title='bbox 522 3393 638 3455; x_wconf 83' lang='lat' dir='ltr'><strong>nullutn</strong></span> <span class='ocrx_word' id='word_1_341' title='bbox 659 3394 756 3455; x_wconf 92' lang='lat' dir='ltr'><strong>latere</strong></span> <span class='ocrx_word' id='word_1_342' title='bbox 780 3393 893 3454; x_wconf 89' lang='lat' dir='ltr'><strong>debuit.</strong></span> 
     </span>
    </p>

    <p class='ocr_par' dir='ltr' id='par_1_6' title="bbox 142 3478 1453 3884">
     <span class='ocr_line' id='line_1_37' title="bbox 142 3478 1453 3557; baseline 0.004 -19"><span class='ocrx_word' id='word_1_343' title='bbox 142 3499 145 3504; x_wconf 92' lang='lat'>·</span> <span class='ocrx_word' id='word_1_344' title='bbox 245 3479 295 3539; x_wconf 89' lang='lat' dir='ltr'><strong>Sic</strong></span> <span class='ocrx_word' id='word_1_345' title='bbox 316 3479 480 3556; x_wconf 87' lang='lat' dir='ltr'><strong>probatum</strong></span> <span class='ocrx_word' id='word_1_346' title='bbox 504 3480 626 3541; x_wconf 89' lang='lat' dir='ltr'><strong>videtur</strong></span> <span class='ocrx_word' id='word_1_347' title='bbox 646 3485 709 3541; x_wconf 89' lang='lat' dir='ltr'><strong>tam</strong></span> <span class='ocrx_word' id='word_1_348' title='bbox 738 3497 776 3540; x_wconf 85' lang='lat' dir='ltr'><strong>ex</strong></span> <span class='ocrx_word' id='word_1_349' title='bbox 803 3478 907 3541; x_wconf 87' lang='lat' dir='ltr'><strong>verbis</strong></span> <span class='ocrx_word' id='word_1_350' title='bbox 930 3481 1008 3556; x_wconf 89' lang='lat' dir='ltr'><strong>ipsis</strong></span> <span class='ocrx_word' id='word_1_351' title='bbox 1036 3498 1168 3557; x_wconf 16' lang='lat' dir='ltr'><strong>quamne</strong></span> <span class='ocrx_word' id='word_1_352' title='bbox 1190 3485 1338 3542; x_wconf 87' lang='lat' dir='ltr'><strong>contextu</strong></span> <span class='ocrx_word' id='word_1_353' title='bbox 1366 3482 1453 3556; x_wconf 91' lang='lat' dir='ltr'><strong>loci,-</strong></span> 
     </span>
     <span class='ocr_line' id='line_1_38' title="bbox 159 3565 1435 3644; baseline 0.003 -19"><span class='ocrx_word' id='word_1_354' title='bbox 159 3565 311 3642; x_wconf 87' lang='lat' dir='ltr'><strong>evangelii</strong></span> <span class='ocrx_word' id='word_1_355' title='bbox 334 3567 441 3626; x_wconf 85' lang='lat' dir='ltr'><strong>inferis</strong></span> <span class='ocrx_word' id='word_1_356' title='bbox 464 3566 631 3643; x_wconf 86' lang='lat' dir='ltr'><strong>praedicati</strong></span> <span class='ocrx_word' id='word_1_357' title='bbox 654 3567 840 3627; x_wconf 88' lang='lat' dir='ltr'><strong>mentionem</strong></span> <span class='ocrx_word' id='word_1_358' title='bbox 862 3583 1026 3644; x_wconf 89' lang='lat' dir='ltr'><strong>perperam</strong></span> <span class='ocrx_word' id='word_1_359' title='bbox 1048 3568 1216 3628; x_wconf 89' lang='lat' dir='ltr'><strong>immisceri</strong></span> <span class='ocrx_word' id='word_1_360' title='bbox 1233 3567 1435 3629; x_wconf 87' lang='lat' dir='ltr'><strong>loco-nostro.</strong></span> 
     </span>
     <span class='ocr_line' id='line_1_39' title="bbox 158 3650 1436 3731; baseline 0.003 -20"><span class='ocrx_word' id='word_1_361' title='bbox 158 3650 267 3711; x_wconf 83' lang='lat' dir='ltr'><strong>Restat</strong></span> <span class='ocrx_word' id='word_1_362' title='bbox 287 3657 321 3712; x_wconf 93' lang='lat' dir='ltr'><strong>ut</strong></span> <span class='ocrx_word' id='word_1_363' title='bbox 343 3652 507 3723; x_wconf 89' lang='lat' dir='ltr'><strong>rationem,</strong></span> <span class='ocrx_word' id='word_1_364' title='bbox 537 3670 628 3731; x_wconf 86' lang='lat' dir='ltr'><strong>quarn</strong></span> <span class='ocrx_word' id='word_1_365' title='bbox 651 3652 835 3714; x_wconf 69' lang='lat' dir='ltr'><strong>inter‘hnnc</strong></span> <span class='ocrx_word' id='word_1_366' title='bbox 857 3658 889 3712; x_wconf 89' lang='lat' dir='ltr'><strong>et</strong></span> <span class='ocrx_word' id='word_1_367' title='bbox 911 3657 1032 3713; x_wconf 81' lang='lat' dir='ltr'><strong>sertum</strong></span> <span class='ocrx_word' id='word_1_368' title='bbox 1057 3655 1159 3731; x_wconf 88' lang='lat' dir='ltr'><strong>quarti</strong></span> <span class='ocrx_word' id='word_1_369' title='bbox 1182 3654 1289 3731; x_wconf 86' lang='lat' dir='ltr'><strong>capitis</strong></span> <span class='ocrx_word' id='word_1_370' title='bbox 1312 3670 1436 3715; x_wconf 83' lang='lat' dir='ltr'><strong>versum</strong></span> 
     </span>
     <span class='ocr_line' id='line_1_40' title="bbox 159 3733 1437 3817; baseline 0.001 -18"><span class='ocrx_word' id='word_1_371' title='bbox 159 3736 351 3799; x_wconf 89' lang='lat' dir='ltr'><strong>intercedere</strong></span> <span class='ocrx_word' id='word_1_372' title='bbox 375 3733 482 3815; x_wconf 91' lang='lat' dir='ltr'><strong>putant</strong></span> <span class='ocrx_word' id='word_1_373' title='bbox 511 3739 675 3799; x_wconf 82' lang='lat' dir='ltr'><strong>arctiorem</strong></span> <span class='ocrx_word' id='word_1_374' title='bbox 698 3740 886 3816; x_wconf 82' lang='lat' dir='ltr'><strong>interpretes</strong></span> <span class='ocrx_word' id='word_1_375' title='bbox 909 3738 975 3799; x_wconf 85' lang='lat' dir='ltr'><strong>fere</strong></span> <span class='ocrx_word' id='word_1_376' title='bbox 999 3755 1124 3811; x_wconf 88' lang='lat' dir='ltr'><strong>omnes,</strong></span> <span class='ocrx_word' id='word_1_377' title='bbox 1141 3740 1314 3799; x_wconf 85' lang='lat' dir='ltr'><strong>accuratius</strong></span> <span class='ocrx_word' id='word_1_378' title='bbox 1333 3738 1437 3817; x_wconf 84' lang='lat' dir='ltr'><strong>explo-</strong></span> 
     </span>
     <span class='ocr_line' id='line_1_41' title="bbox 159 3821 303 3884; baseline 0.014 -2"><span class='ocrx_word' id='word_1_379' title='bbox 159 3821 303 3884; x_wconf 81' lang='lat' dir='ltr'><strong>remus.³</strong></span> 
     </span>
    </p>
   </div>
   <div class='ocr_carea' id='block_1_3' title="bbox 162 3952 363 3961">
    <p class='ocr_par' dir='ltr' id='par_1_7' title="bbox 162 3952 363 3961">
     <span class='ocr_line' id='line_1_42' title="bbox 162 3952 363 3961; baseline 0.01 -3"><span class='ocrx_word' id='word_1_380' title='bbox 162 3952 363 3961; x_wconf 66' lang='lat'><strong>---.-——-0--</strong></span> 
     </span>
    </p>
   </div>
   <div class='ocr_carea' id='block_1_4' title="bbox 157 4002 1460 4784">
    <p class='ocr_par' dir='ltr' id='par_1_8' title="bbox 159 4002 1437 4202">
     <span class='ocr_line' id='line_1_43' title="bbox 229 4002 1437 4079; baseline 0 -19"><span class='ocrx_word' id='word_1_381' title='bbox 229 4013 249 4063; x_wconf 94' lang='lat' dir='ltr'><strong>l.</strong></span> <span class='ocrx_word' id='word_1_382' title='bbox 271 4009 321 4060; x_wconf 85' lang='lat' dir='ltr'><strong>Clr.</strong></span> <span class='ocrx_word' id='word_1_383' title='bbox 341 4022 431 4075; x_wconf 83' lang='lat' dir='ltr'><strong>supra:</strong></span> <span class='ocrx_word' id='word_1_384' title='bbox 450 4005 490 4064; x_wconf 76' lang='grc' dir='ltr'><strong>εἷς</strong></span> <span class='ocrx_word' id='word_1_385' title='bbox 508 4004 543 4074; x_wconf 75' lang='grc' dir='ltr'><strong><em>ἣν</em></strong></span> <span class='ocrx_word' id='word_1_386' title='bbox 562 4003 680 4079; x_wconf 63' lang='grc' dir='ltr'><strong><em>ὂῇίγαι</em></strong></span> <span class='ocrx_word' id='word_1_387' title='bbox 698 4003 776 4060; x_wconf 76' lang='grc' dir='ltr'><strong><em>τοῦτ’</em></strong></span> <span class='ocrx_word' id='word_1_388' title='bbox 795 4003 873 4061; x_wconf 78' lang='grc' dir='ltr'><strong><em>ἔστιν</em></strong></span> <span class='ocrx_word' id='word_1_389' title='bbox 887 4002 957 4061; x_wconf 70' lang='grc' dir='ltr'><strong><em>ὄντα)</em></strong></span> <span class='ocrx_word' id='word_1_390' title='bbox 975 4015 1014 4073; x_wconf 72' lang='lat' dir='ltr'><strong>«bv</strong></span> <span class='ocrx_word' id='word_1_391' title='bbox 1036 4009 1064 4060; x_wconf 86' lang='grc' dir='ltr'><strong><em>αἱ</em></strong></span> <span class='ocrx_word' id='word_1_392' title='bbox 1083 4002 1391 4074; x_wconf 70' lang='grc' dir='ltr'><strong><em>ίιεσώθησαν--</em></strong></span> <span class='ocrx_word' id='word_1_393' title='bbox 1410 4020 1437 4067; x_wconf 80' lang='lat' dir='ltr'><strong>et</strong></span> 
     </span>
     <span class='ocr_line' id='line_1_44' title="bbox 159 4027 1434 4201; baseline 0.003 -72"><span class='ocrx_word' id='word_1_394' title='bbox 159 4077 340 4159; x_wconf 34' lang='lat' dir='ltr'><strong>2&#39;Petnvll‚q2</strong></span> <span class='ocrx_word' id='word_1_395' title='bbox 357 4059 484 4201; x_wconf 44' lang='lat' dir='ltr'><strong>&#39;deyd&#39;dcv</strong></span> <span class='ocrx_word' id='word_1_396' title='bbox 498 4073 576 4128; x_wconf 77' lang='grc' dir='ltr'><strong>Νῶε</strong></span> <span class='ocrx_word' id='word_1_397' title='bbox 594 4070 825 4145; x_wconf 72' lang='grc' dir='ltr'><strong><em>δικαιοσύνης</em></strong></span> <span class='ocrx_word' id='word_1_398' title='bbox 843 4072 948 4149; x_wconf 77' lang='grc' dir='ltr'><strong><em>κήρυκα</em></strong></span> <span class='ocrx_word' id='word_1_399' title='bbox 963 4027 1097 4149; x_wconf 59' lang='lat' dir='ltr'><strong>torbace,</strong></span> <span class='ocrx_word' id='word_1_400' title='bbox 1113 4069 1304 4147; x_wconf 81' lang='grc' dir='ltr'><strong><em>κατακλυσμὸν</em></strong></span> <span class='ocrx_word' id='word_1_401' title='bbox 1320 4074 1434 4155; x_wconf 77' lang='grc' dir='ltr'><strong><em>κὸσμιγ</em></strong></span> 
     </span>
     <span class='ocr_line' id='line_1_45' title="bbox 161 4162 987 4202; baseline 0.001 -7"><span class='ocrx_word' id='word_1_402' title='bbox 161 4162 222 4197; x_wconf 75' lang='lat' dir='ltr'><strong>aas</strong></span> <span class='ocrx_word' id='word_1_403' title='bbox 250 4165 294 4198; x_wconf 87' lang='grc' dir='ltr'><strong><em>ων</em></strong></span> <span class='ocrx_word' id='word_1_404' title='bbox 312 4163 366 4198; x_wconf 76' lang='grc' dir='ltr'><strong><em>τινα</em></strong></span> <span class='ocrx_word' id='word_1_405' title='bbox 384 4162 423 4202; x_wconf 84' lang='grc' dir='ltr'><strong>ας.</strong></span> <span class='ocrx_word' id='word_1_406' title='bbox 983 4172 987 4180; x_wconf 86' lang='grc'><strong><em>·</em></strong></span> 
     </span>
    </p>

    <p class='ocr_par' dir='ltr' id='par_1_9' title="bbox 157 4151 1435 4422">
     <span class='ocr_line' id='line_1_46' title="bbox 227 4151 1435 4284; baseline 0.003 -15"><span class='ocrx_word' id='word_1_407' title='bbox 227 4151 251 4270; x_wconf 57' lang='lat' dir='ltr'><strong>g.</strong></span> <span class='ocrx_word' id='word_1_408' title='bbox 271 4214 343 4268; x_wconf 79' lang='lat' dir='ltr'><strong>Rene</strong></span> <span class='ocrx_word' id='word_1_409' title='bbox 363 4213 469 4283; x_wconf 88' lang='lat' dir='ltr'><strong>quidem</strong></span> <span class='ocrx_word' id='word_1_410' title='bbox 488 4215 599 4276; x_wconf 88' lang='lat' dir='ltr'><strong>scimus,</strong></span> <span class='ocrx_word' id='word_1_411' title='bbox 619 4230 686 4283; x_wconf 90' lang='lat' dir='ltr'><strong>quae</strong></span> <span class='ocrx_word' id='word_1_412' title='bbox 705 4214 736 4267; x_wconf 90' lang='lat' dir='ltr'><strong>ab</strong></span> <span class='ocrx_word' id='word_1_413' title='bbox 755 4216 942 4284; x_wconf 87' lang='lat' dir='ltr'><strong>interpretibus</strong></span> <span class='ocrx_word' id='word_1_414' title='bbox 958 4216 1021 4284; x_wconf 86' lang='lat' dir='ltr'><strong>poni</strong></span> <span class='ocrx_word' id='word_1_415' title='bbox 1045 4213 1129 4266; x_wconf 85' lang='lat' dir='ltr'><strong>soleat</strong></span> <span class='ocrx_word' id='word_1_416' title='bbox 1146 4211 1281 4266; x_wconf 84' lang='lat' dir='ltr'><strong>distinctio</strong></span> <span class='ocrx_word' id='word_1_417' title='bbox 1300 4217 1369 4270; x_wconf 89' lang='lat' dir='ltr'><strong>inter</strong></span> <span class='ocrx_word' id='word_1_418' title='bbox 1387 4234 1435 4273; x_wconf 80' lang='lat' dir='ltr'><strong>ecs</strong></span> 
     </span>
     <span class='ocr_line' id='line_1_47' title="bbox 161 4281 1435 4352; baseline 0 -16"><span class='ocrx_word' id='word_1_419' title='bbox 161 4284 205 4352; x_wconf 89' lang='lat' dir='ltr'><strong>qui</strong></span> <span class='ocrx_word' id='word_1_420' title='bbox 224 4286 389 4352; x_wconf 85' lang='lat' dir='ltr'><strong>evangelium</strong></span> <span class='ocrx_word' id='word_1_421' title='bbox 409 4281 514 4336; x_wconf 87' lang='lat' dir='ltr'><strong>audiant</strong></span> <span class='ocrx_word' id='word_1_422' title='bbox 532 4289 559 4334; x_wconf 91' lang='lat' dir='ltr'><strong>et</strong></span> <span class='ocrx_word' id='word_1_423' title='bbox 571 4283 754 4336; x_wconf 85' lang='lat' dir='ltr'><strong>Ncachitarum</strong></span> <span class='ocrx_word' id='word_1_424' title='bbox 774 4284 891 4352; x_wconf 86' lang='lat' dir='ltr'><strong>culpam;</strong></span> <span class='ocrx_word' id='word_1_425' title='bbox 908 4282 954 4338; x_wconf 86' lang='lat' dir='ltr'><strong>sed</strong></span> <span class='ocrx_word' id='word_1_426' title='bbox 966 4283 1059 4336; x_wconf 83' lang='lat' dir='ltr'><strong>Petrus</strong></span> <span class='ocrx_word' id='word_1_427' title='bbox 1074 4286 1144 4333; x_wconf 89' lang='lat' dir='ltr'><strong>certe</strong></span> <span class='ocrx_word' id='word_1_428' title='bbox 1164 4283 1191 4344; x_wconf 74' lang='grc'><strong>12</strong></span> <span class='ocrx_word' id='word_1_429' title='bbox 1202 4295 1246 4351; x_wconf 83' lang='lat' dir='ltr'><strong>ep.</strong></span> <span class='ocrx_word' id='word_1_430' title='bbox 1264 4284 1340 4352; x_wconf 63' lang='grc'><strong>111)</strong></span> <span class='ocrx_word' id='word_1_431' title='bbox 1360 4287 1435 4342; x_wconf 75' lang='lat' dir='ltr'><strong>aliter</strong></span> 
     </span>
     <span class='ocr_line' id='line_1_48' title="bbox 157 4344 1263 4422; baseline 0 -18"><span class='ocrx_word' id='word_1_432' title='bbox 157 4352 261 4417; x_wconf 87' lang='lat' dir='ltr'><strong>judicat</strong></span> <span class='ocrx_word' id='word_1_433' title='bbox 279 4361 304 4406; x_wconf 90' lang='lat' dir='ltr'><strong>et</strong></span> <span class='ocrx_word' id='word_1_434' title='bbox 322 4369 399 4422; x_wconf 88' lang='lat' dir='ltr'><strong>supra</strong></span> <span class='ocrx_word' id='word_1_435' title='bbox 419 4355 444 4405; x_wconf 92' lang='lat' dir='ltr'><strong>in</strong></span> <span class='ocrx_word' id='word_1_436' title='bbox 464 4351 608 4419; x_wconf 86' lang='lat' dir='ltr'><strong>aagendam</strong></span> <span class='ocrx_word' id='word_1_437' title='bbox 627 4351 730 4419; x_wconf 86' lang='lat' dir='ltr'><strong>culpam</strong></span> <span class='ocrx_word' id='word_1_438' title='bbox 749 4355 849 4412; x_wconf 89' lang='lat' dir='ltr'><strong>omnia,</strong></span> <span class='ocrx_word' id='word_1_439' title='bbox 868 4353 932 4406; x_wconf 89' lang='lat' dir='ltr'><strong>nihil</strong></span> <span class='ocrx_word' id='word_1_440' title='bbox 950 4353 976 4404; x_wconf 94' lang='grc'><strong>11</strong></span> <span class='ocrx_word' id='word_1_441' title='bbox 996 4349 1160 4404; x_wconf 83' lang='lat' dir='ltr'><strong>minuendam</strong></span> <span class='ocrx_word' id='word_1_442' title='bbox 1180 4344 1263 4405; x_wconf 81' lang='lat' dir='ltr'><strong>affert.</strong></span> 
     </span>
    </p>

    <p class='ocr_par' dir='ltr' id='par_1_10' title="bbox 162 4419 1460 4784">
     <span class='ocr_line' id='line_1_49' title="bbox 231 4419 1433 4490; baseline 0.002 -14"><span class='ocrx_word' id='word_1_443' title='bbox 231 4425 256 4476; x_wconf 80' lang='lat'><strong>3.</strong></span> <span class='ocrx_word' id='word_1_444' title='bbox 280 4422 335 4475; x_wconf 88' lang='lat' dir='ltr'><strong>lloc</strong></span> <span class='ocrx_word' id='word_1_445' title='bbox 357 4423 417 4474; x_wconf 89' lang='lat' dir='ltr'><strong>loco</strong></span> <span class='ocrx_word' id='word_1_446' title='bbox 442 4421 545 4474; x_wconf 87' lang='lat' dir='ltr'><strong>videtur</strong></span> <span class='ocrx_word' id='word_1_447' title='bbox 568 4426 628 4489; x_wconf 83' lang='lat' dir='ltr'><strong>apte</strong></span> <span class='ocrx_word' id='word_1_448' title='bbox 647 4420 785 4474; x_wconf 86' lang='lat' dir='ltr'><strong>inserenda</strong></span> <span class='ocrx_word' id='word_1_449' title='bbox 805 4425 894 4474; x_wconf 84' lang='lat' dir='ltr'><strong>nostra</strong></span> <span class='ocrx_word' id='word_1_450' title='bbox 914 4419 945 4472; x_wconf 90' lang='lat' dir='ltr'><strong>de</strong></span> <span class='ocrx_word' id='word_1_451' title='bbox 960 4430 1041 4473; x_wconf 73' lang='lat' dir='ltr'><strong>‘versu</strong></span> <span class='ocrx_word' id='word_1_452' title='bbox 1065 4420 1194 4488; x_wconf 86' lang='lat' dir='ltr'><strong>vigesimo</strong></span> <span class='ocrx_word' id='word_1_453' title='bbox 1213 4423 1311 4490; x_wconf 88' lang='lat' dir='ltr'><strong>primo,</strong></span> <span class='ocrx_word' id='word_1_454' title='bbox 1330 4421 1433 4480; x_wconf 84' lang='lat' dir='ltr'><strong>diflicil-</strong></span> 
     </span>
     <span class='ocr_line' id='line_1_50' title="bbox 162 4488 1433 4559; baseline 0.002 -14"><span class='ocrx_word' id='word_1_455' title='bbox 162 4492 225 4545; x_wconf 88' lang='lat' dir='ltr'><strong>limo</strong></span> <span class='ocrx_word' id='word_1_456' title='bbox 249 4491 294 4542; x_wconf 91' lang='lat' dir='ltr'><strong>illo</strong></span> <span class='ocrx_word' id='word_1_457' title='bbox 317 4492 391 4553; x_wconf 90' lang='lat' dir='ltr'><strong>loco,</strong></span> <span class='ocrx_word' id='word_1_458' title='bbox 414 4492 542 4544; x_wconf 89' lang='lat' dir='ltr'><strong>sententia</strong></span> <span class='ocrx_word' id='word_1_459' title='bbox 567 4491 712 4543; x_wconf 82' lang='lat' dir='ltr'><strong>cohaerens</strong></span> <span class='ocrx_word' id='word_1_460' title='bbox 735 4488 839 4557; x_wconf 88' lang='lat' dir='ltr'><strong>quidem</strong></span> <span class='ocrx_word' id='word_1_461' title='bbox 865 4496 935 4541; x_wconf 87' lang='lat' dir='ltr'><strong>arcte</strong></span> <span class='ocrx_word' id='word_1_462' title='bbox 960 4504 1018 4542; x_wconf 88' lang='lat' dir='ltr'><strong>cum</strong></span> <span class='ocrx_word' id='word_1_463' title='bbox 1038 4491 1118 4543; x_wconf 90' lang='lat' dir='ltr'><strong>totius</strong></span> <span class='ocrx_word' id='word_1_464' title='bbox 1136 4488 1188 4543; x_wconf 78' lang='lat' dir='ltr'><strong>lo&#39;ci</strong></span> <span class='ocrx_word' id='word_1_465' title='bbox 1209 4491 1433 4559; x_wconf 88' lang='lat' dir='ltr'><strong>interpretatione.</strong></span> 
     </span>
     <span class='ocr_line' id='line_1_51' title="bbox 162 4558 1433 4642; baseline 0.003 -27"><span class='ocrx_word' id='word_1_466' title='bbox 162 4558 288 4631; x_wconf 67' lang='grc' dir='ltr'><strong>111111ςί1</strong></span> <span class='ocrx_word' id='word_1_467' title='bbox 305 4561 439 4627; x_wconf 81' lang='lat' dir='ltr'><strong>apostolus</strong></span> <span class='ocrx_word' id='word_1_468' title='bbox 457 4561 507 4614; x_wconf 94' lang='lat' dir='ltr'><strong>hoc</strong></span> <span class='ocrx_word' id='word_1_469' title='bbox 525 4575 605 4623; x_wconf 84' lang='lat' dir='ltr'><strong>versu</strong></span> <span class='ocrx_word' id='word_1_470' title='bbox 623 4560 731 4612; x_wconf 84' lang='lat' dir='ltr'><strong>alteram</strong></span> <span class='ocrx_word' id='word_1_471' title='bbox 749 4558 1114 4626; x_wconf 80' lang='lat' dir='ltr'><strong>argumentationispartem,</strong></span> <span class='ocrx_word' id='word_1_472' title='bbox 1137 4574 1204 4629; x_wconf 91' lang='lat' dir='ltr'><strong>quae</strong></span> <span class='ocrx_word' id='word_1_473' title='bbox 1228 4561 1333 4642; x_wconf 83' lang='lat' dir='ltr'><strong>proprie</strong></span> <span class='ocrx_word' id='word_1_474' title='bbox 1354 4560 1433 4619; x_wconf 90' lang='lat' dir='ltr'><strong>debe·</strong></span> 
     </span>
     <span class='ocr_line' id='line_1_52' title="bbox 162 4624 1431 4699; baseline 0.002 -15"><span class='ocrx_word' id='word_1_475' title='bbox 162 4628 207 4684; x_wconf 89' lang='lat' dir='ltr'><strong>bat</strong></span> <span class='ocrx_word' id='word_1_476' title='bbox 224 4626 289 4680; x_wconf 90' lang='lat' dir='ltr'><strong>illud</strong></span> <span class='ocrx_word' id='word_1_477' title='bbox 306 4628 489 4699; x_wconf 71' lang='lat' dir='ltr'><strong>inonorqdeic</strong></span> <span class='ocrx_word' id='word_1_478' title='bbox 507 4632 631 4684; x_wconf 89' lang='lat' dir='ltr'><strong>continuo</strong></span> <span class='ocrx_word' id='word_1_479' title='bbox 656 4628 741 4695; x_wconf 81' lang='lat' dir='ltr'><strong>sequi;</strong></span> <span class='ocrx_word' id='word_1_480' title='bbox 769 4636 828 4680; x_wconf 84' lang='lat' dir='ltr'><strong>nam</strong></span> <span class='ocrx_word' id='word_1_481' title='bbox 854 4642 886 4681; x_wconf 82' lang='lat' dir='ltr'><strong>ex</strong></span> <span class='ocrx_word' id='word_1_482' title='bbox 909 4627 959 4680; x_wconf 85' lang='lat' dir='ltr'><strong>bae</strong></span> <span class='ocrx_word' id='word_1_483' title='bbox 977 4624 1071 4681; x_wconf 78' lang='lat' dir='ltr'><strong>Christi</strong></span> <span class='ocrx_word' id='word_1_484' title='bbox 1095 4629 1204 4683; x_wconf 81' lang='lat' dir='ltr'><strong>victoria</strong></span> <span class='ocrx_word' id='word_1_485' title='bbox 1228 4627 1431 4691; x_wconf 71' lang='lat' dir='ltr'><strong>Christianorum</strong></span> 
     </span>
     <span class='ocr_line' id='line_1_53' title="bbox 162 4685 1460 4784; baseline 0.004 -32"><span class='ocrx_word' id='word_1_486' title='bbox 162 4696 234 4752; x_wconf 77' lang='lat' dir='ltr'><strong>halus</strong></span> <span class='ocrx_word' id='word_1_487' title='bbox 253 4701 347 4749; x_wconf 87' lang='lat' dir='ltr'><strong>manat.</strong></span> <span class='ocrx_word' id='word_1_488' title='bbox 384 4694 436 4749; x_wconf 90' lang='lat' dir='ltr'><strong>Sed</strong></span> <span class='ocrx_word' id='word_1_489' title='bbox 451 4702 586 4766; x_wconf 86' lang='lat' dir='ltr'><strong>praemisit</strong></span> <span class='ocrx_word' id='word_1_490' title='bbox 604 4685 699 4767; x_wconf 82' lang='lat' dir='ltr'><strong>qulbus</strong></span> <span class='ocrx_word' id='word_1_491' title='bbox 712 4695 840 4764; x_wconf 86' lang='lat' dir='ltr'><strong>judicium</strong></span> <span class='ocrx_word' id='word_1_492' title='bbox 858 4692 1009 4784; x_wconf 76' lang='lat' dir='ltr'><strong>infidelibus</strong></span> <span class='ocrx_word' id='word_1_493' title='bbox 1028 4708 1042 4750; x_wconf 82' lang='lat' dir='ltr'><strong>a</strong></span> <span class='ocrx_word' id='word_1_494' title='bbox 1060 4695 1162 4751; x_wconf 79' lang='lat' dir='ltr'><strong>Christo</strong></span> <span class='ocrx_word' id='word_1_495' title='bbox 1180 4696 1319 4753; x_wconf 82' lang='lat' dir='ltr'><strong>imminetis</strong></span> <span class='ocrx_word' id='word_1_496' title='bbox 1337 4694 1432 4757; x_wconf 69' lang='lat' dir='ltr'><strong>conlit-</strong></span> <span class='ocrx_word' id='word_1_497' title='bbox 1451 4749 1460 4761; x_wconf 80' lang='grc'><strong>.</strong></span> 
     </span>
    </p>
   </div>
   <div class='ocr_carea' id='block_1_5' title="bbox 0 0 1610 5228">
    <p class='ocr_par' dir='ltr' id='par_1_11' title="bbox 0 0 1610 5228">
     <span class='ocr_line' id='line_1_54' title="bbox 0 0 1610 5228; baseline 0 1"><span class='ocrx_word' id='word_1_498' title='bbox 0 0 1610 5228; x_wconf 95' lang='lat' dir='ltr'><strong> </strong></span> 
     </span>
    </p>
   </div>
  </div>
 </body>
</html>
