3210 5228
704 282 805 337 lPrra.
819 281 865 350 lv,
882 282 910 338 6.
1379 299 1383 305 ’
1403 277 1443 344 49

168 448 329 524 scripserit
358 446 517 525 apostolus
546 444 598 506 ‘lvo
627 445 785 526 κριθέντες
813 443 891 508 κατὰ
921 443 1110 525 ἀνθρώπους
1140 446 1229 526 σαρκὶ
1260 445 1332 520 ζῶσι
1363 443 1440 507 κατὰ

167 529 243 593 θεὸν
267 526 425 609 πνεύματι.
463 534 524 593 Ρ11
540 536 755 610 grammaticae
778 535 862 610 leges
885 551 960 594 sane
981 536 1062 598 ferri¹
1077 538 1182 612 potest
1204 533 1355 611 ejusmodi
1372 551 1440 612 par-

167 621 262 696 ticipii
286 637 353 679 cum
378 618 471 680 verbo
494 621 580 679 finito
605 621 830 680 commutatio}
875 621 1033 680 Difficilior
1054 625 1157 680 tamen
1180 626 1228 680 est
1249 620 1324 679 haec
1346 621 1440 682 inter·

167 705 306 783 prctandi
329 707 421 777 ratio,
447 724 537 783 quam
561 710 595 765 ut
617 708 669 784 qui
692 705 833 766 audirent
855 706 1014 783 epistolam
1031 708 1155 767 recitari
1170 705 1206 766 ad
1223 706 1303 766 hunc
1318 706 1439 767 mudum

165 791 258 851 verba
292 791 424 868 apostoli
461 794 601 868 accipere
634 793 799 868 potuerint.
850 793 996 869 Quisquis
1025 791 1184 870 periodum
1215 791 1293 852 hanc
1321 809 1378 869 per
1404 811 1438 854 se
1545 821 1550 833 ι

166 877 421 949 consideraverit,
443 878 620 957 bipartitum
636 877 708 937 illud
732 880 922 939 enuntiatum
943 879 1032 939 finale
1056 896 1125 938 curn
1139 876 1234 938 verbo
1254 883 1380 954 regente
1396 881 1438 939 ita
1479 907 1482 914 -

166 966 361 1040 conjunctum
385 966 551 1041 putaverit,
575 968 609 1023 ut
631 963 741 1041 duplex
765 966 806 1024 sit
828 965 977 1041 evangelii
993 964 1159 1043 praedicati
1180 965 1264 1035 finis,
1287 964 1383 1024 altera
1399 983 1437 1025 ex

165 1058 251 1128 parte
280 1055 313 1109 nt
340 1067 412 1109 caro
438 1050 554 1126 judicio
581 1048 735 1123 tradatur,
765 1050 860 1110 altera
887 1057 921 1110 ut
943 1053 1004 1111 vita
1028 1069 1044 1110 e
1068 1052 1178 1126 spiritu
1202 1055 1348 1110 renovata
1371 1051 1435 1110 Deo

166 1134 333 1197 dedicetur.
380 1136 502 1195 Summa
531 1153 599 1195 cum
628 1135 783 1213 diligentia
813 1154 851 1196 ne
875 1135 972 1196 dicam
996 1137 1146 1214 elegantia
1170 1135 1262 1196 verba
1294 1138 1335 1195 ita
1366 1146 1438 1198 sunt

165 1228 237 1281 tam¹
249 1221 365 1282 delecta
383 1239 472 1298 quam
487 1221 647 1292 collocata,
672 1228 707 1282 ut
722 1222 841 1298 singula
858 1222 986 1298 singulis
1005 1221 1184 1283 adverbum
1204 1221 1437 1300 responderent.

165 1309 229 1368 Hoc
252 1307 352 1367 locunt
368 1326 435 1368 non
459 1308 552 1368 habet
574 1311 633 1368 nisi
655 1308 706 1368 ubi
729 1311 795 1385 pari
818 1311 904 1386 quasi
933 1308 1068 1386 pondere
1091 1314 1217 1369 utantur
1244 1308 1378 1368 membra
1408 1317 1439 1371 et

165 1393 258 1454 altera
279 1396 364 1470 juxta
390 1393 515 1454 alteram
538 1399 670 1471 ponatur
698 1398 864 1467 sententia,
895 1412 956 1455 non
983 1398 1086 1454 autem
1108 1396 1204 1471 priori
1227 1395 1436 1471 subjungatur.

164 1477 326 1557 Temporis
350 1481 429 1540 enirn
453 1479 660 1540 diversitatem
685 1483 808 1541 omniuo
831 1481 905 1542 nihil
925 1482 1063 1553 efficere,
1086 1481 1168 1541 ultro
1188 1497 1295 1540 omnes
1311 1498 1436 1541 conces-

164 1567 272 1628 serint,
316 1566 452 1625 Alterum
476 1565 557 1643 quod
581 1566 739 1643 evangelio
762 1567 938 1644 praedicato
961 1567 1093 1627 eflicitur
1114 1565 1307 1643 praeterire²
1329 1571 1436 1628 statui-

164 1658 226 1723 tur,
246 1669 337 1728 qunm
355 1653 484 1712 alterum
502 1659 622 1712 maneat
637 1670 738 1730 neque
756 1654 1128 1730 unquam'intermittatur.
1152 1651 1320 1729 Utrumque
1334 1659 1436 1715 autem

164 1739 234 1798 duis
258 1741 381 1798 notione
404 1740 555 1798 contineri
577 1738 690 1798 clarius
706 1742 798 1799 etiam
816 1738 981 1810 indicatur,
1005 1757 1097 1816 quum
1118 1737 1278 1799 antecedat
1301 1738 1372 1799 illud
1393 1739 1436 1808 alc
1538 1737 1548 1751 ‘

164 1826 255 1884 τοῦτο
279 1827 367 1900 quasi
390 1842 487 1902 genus
511 1825 700 1901 significans,
725 1828 811 1902 cujus
834 1813 1072 1901 partes'dcinde
1094 1824 1253 1903 particulis
1275 1823 1331 1900 μέν
1345 1859 1388 1868 -
1402 1823 1436 1886 δέ

164 1916 305 1970 accurate
329 1910 564 1987 distinguantur.
610 1914 699 1971 Amat
720 1912 816 1971 ferme
838 1910 951 1972 Petrus
973 1914 1003 1971 in
1028 1911 1108 1971 binis
1131 1908 1278 1970 memhris
1301 1909 1338 1969 ad
1356 1910 1436 1973 huno

165 1996 287 2056 modum
305 1995 456 2057 distinctis
474 1999 618 2057 notiones
632 2014 794 2074 exponere.
819 1998 862 2057 lta
876 2015 968 2075 supra
989 1998 1026 2075 (l,
1044 1998 1091 2058 19.
1105 1997 1158 2074 20)
1176 1989 1217 2066 ὡς
1235 1992 1335 2071 ἀμνοῦ
1352 1992 1436 2074 ἀμώ-

162 2103 224 2158 μου
242 2117 283 2125 -
300 2117 339 2125 -
363 2081 614 2161 προεγνωσμένου
636 2082 693 2158 μὲν
715 2080 774 2161 πρὸ
798 2084 974 2162 καταβολῆς
994 2077 1128 2158 κόσμου,
1152 2080 1387 2162 φανερωθέντος
1403 2081 1436 2144 δὲ

161 2163 212 2227 ἐπ’
244 2165 375 2245 ἐσχάτου
404 2171 465 2228 τῶν
485 2165 607 2248 χρόνων
630 2169 720 2241 1111,
745 2172 778 2230 l:
803 2165 880 2249 πρὸς
902 2163 936 2229 δν
959 2163 1192 2248 προςερχόμενοι
1216 2166 1307 2226 λίθον
1326 2165 1434 2241 ζῶντα,

161 2247 220 2313 ὑπὸ
244 2249 422 2333 ἀνθρώπων
437 2251 493 2329 μὲν
508 2250 846 2331 ἀποδεδοκιμασμένον,
863 2252 946 2334 παρόὶ
970 2253 1003 2314 δὲ
1018 2256 1084 2337 θεῷ
1099 2249 1238 2313 ἐκλεκτόν
1260 2253 1312 2314 cfr.
1324 2253 1372 2327 lv,
1387 2258 1434 2316 tl.

163 2339 276 2400 Contra
300 2358 337 2400 ex
359 2340 427 2400 loco
452 2358 544 2417 supra
568 2342 660 2402 citato
684 2332 830 2419 cognosci
852 2342 936 2412 licet,
961 2359 1030 2401 eum
1049 2339 1137 2400 malle
1156 2340 1349 2415 sth'unctam
1365 2359 1434 2401 sen·

161 2428 287 2486 tentiam
311 2426 475 2502 subjuncto
500 2428 591 2487 etiam
614 2429 771 2488 enuntiato
801 2428 976 2504 proferre.³
1019 2425 1100 2487 Nihil
1128 2443 1204 2487 vero
1234 2423 1433 2488 dubitationis

160 2511 283 2572 videtur
312 2512 459 2590 relinqui,
489 2512 541 2572 ubi
569 2513 755 2573 attendimus
785 2513 821 2573 ad
850 2531 992 2592 ea,qnae
1020 2511 1203 2578 antecedunt
1231 2510 1366 2572 membra
1391 2512 1434 2572 hi-

159 2599 285 2677 partita:
311 2597 510 2669 θανατωθεὶς
530 2595 587 2675 μὲν
610 2598 717 2678 σαρκί,
741 2598 941 2678 ζωοποιηθεὶς
962 2595 996 2658 δὲ
1018 2593 1165 2673 πνεύματι
1190 2614 1320 2675 quorum
1341 2598 1376 2657 ad
1396 2601 1435 2659 si·
1508 2657 1512 2671 ,

162 2682 360 2745 militudinem
385 2689 445 2743 tam
469 2686 622 2744 sententia
645 2690 751 2745 nostra
774 2703 863 2762 quam
886 2683 979 2746 verba
999 2689 1071 2744 sunt
1089 2685 1284 2744 conformata.
1329 2684 1433 2759 Quod

161 2770 319 2830 Christo
350 2769 541 2830 acciderit
569 2769 662 2830 idern
691 2776 732 2830 ut
749 2772 821 2846 jam
844 2774 881 2830 in
906 2768 1075 2831 omnihus
1099 2771 1161 2846 qui
1185 2768 1326 2830 salutis
1349 2773 1433 2849 ejus

159 2859 369 2936 participes
393 2857 485 2916 fieri
508 2855 627 2917 velint
650 2857 873 2928 efficiatur,
898 2859 1015 2916 linem
1040 2873 1130 2915 esse
1147 2855 1334 2932 evangelii
1353 2856 1433 2916 uhi·

160 2959 311 3020 cunque
345 2941 617 3020 praedicetur,
652 2941 726 3002 haec
760 2941 881 3003 videtur
913 2943 1065 3003 sententia
1097 2957 1207 3001 versus
1235 2944 1312 3002 sexti
1341 2960 1432 3020 quarn

158 3029 295 3105 postulat
322 3033 491 3089 contextus.
536 3028 656 3088 Rursus
680 3030 760 3089 eninr
782 3028 840 3090 hoc
862 3030 929 3089 loco
953 3030 1057 3088 offerri
1082 3026 1219 3087 videmus
1241 3027 1321 3088 illam
1345 3032 1434 3104 quasi
1502 3037 1504 3040 ⁴

159 3114 257 3192 legem
281 3118 368 3192 regni
386 3108 497 3176 Christi
520 3132 577 3191 per
592 3108 864 3192 totam'epistolam
880 3116 1054 3193 repetitam:
1078 3112 1189 3173 nullam
1208 3115 1239 3173 in
1256 3113 1378 3173 Christo
1402 3122 1432 3174 et

158 3218 215 3278 per
239 3201 393 3262 Christum
414 3203 506 3262 vitam
529 3200 718 3278 gloriamque
741 3218 812 3263 esse
833 3203 892 3279 nisi
920 3201 1122 3261 antecesserit
1149 3200 1249 3277 carnis
1278 3202 1432 3261 cruciatus

160 3291 191 3346 et
213 3305 311 3359 mors,
343 3289 430 3363 quasi
459 3279 590 3347 dixeris:
619 3304 675 3363 per
700 3304 821 3349 crucem
843 3287 880 3347 ad
909 3289 1015 3348 lucem.
1063 3285 1158 3358 Quem
1185 3284 1308 3362 quidem
1333 3287 1433 3364 ipsum

159 3374 309 3449 evangelii
330 3371 367 3432 de
391 3372 512 3433 Christo
539 3372 733 3449 praedicandi
754 3375 846 3434 finem
867 3391 938 3435 esse
960 3372 1018 3434 hoo
1044 3371 1112 3432 loco
1142 3370 1256 3431 diserte
1281 3370 1433 3433 indicatur

157 3458 249 3536 idque
266 3459 374 3536 duplici
393 3460 505 3519 effectu
526 3461 587 3519 tam
603 3464 745 3521 accurate
769 3459 926 3532 distincto,
951 3465 985 3519 ut
1007 3463 1146 3519 nostrum
1169 3457 1270 3518 locum
1293 3476 1353 3518 non
1377 3458 1430 3519 du-

157 3543 288 3605 bitemus
313 3562 459 3606 summam
483 3545 584 3605 dicere
608 3551 639 3606 et
662 3548 750 3623 quasi
773 3564 916 3608 cacumen
940 3564 1011 3607 esse
1033 3546 1128 3605 totius
1151 3543 1334 3620 epistolae.4

230 3731 250 3782 1.
271 3729 338 3790 Quid
358 3729 427 3798 qnod
445 3733 563 3782 oratores
582 3695 669 3783 amant
685 3732 721 3784 ita
740 3733 825 3800 loqui,
845 3730 953 3784 maxime
970 3732 1099 3785 isocrates
1117 3733 1163 3783 cir.
1177 3731 1299 3783 Matthiae
1318 3730 1429 3786 Gramm.

159 3814 184 3865 p.
202 3800 268 3851 1486
290 3813 328 3865 sq.
353 3797 503 3864 Bernhardy
526 3801 774 3863 wissenschastllche
791 3804 895 3869 syntax
917 3818 943 3868 p.
961 3803 1018 3854 486.
1056 3800 1107 3862 our
1129 3815 1160 3851 ex
1183 3816 1251 3851 novo
1275 3804 1431 3852 testamento

158 3865 245 3918 afferri
264 3868 349 3919 solent
368 3868 420 3919 loci
440 3867 515 3931 (Joh.
532 3866 585 3927 XV,
601 3870 641 3922 ill.
666 3868 738 3920 Rom.
751 3868 796 3929 lv,
813 3873 853 3922 17.
873 3871 933 3924 Luc.
950 3870 987 3931 X,
1002 3873 1042 3923 21.
1061 3869 1134 3921 llltth.
1149 3867 1178 3931 V,
1190 3870 1236 3931 16)
1258 3868 1276 3918 11
1298 3866 1331 3918 ad
1351 3884 1431 3920 unum

158 3951 248 3988 ornnes
264 3937 330 3988 alins
346 3943 406 3988 sunt
417 3937 531 4004 generis.
555 3936 652 4001 Majore
666 3952 724 3988 cum
737 3940 855 3990 veritatis
871 3940 960 4006 specie
973 3940 1057 4006 potnit
1069 3940 1094 3989 in
1110 3937 1329 4004 comparutionem
1342 3939 1431 3989 vocari
1520 3987 1524 4006 ,

157 4004 330 4067 Joh.lil‚39;
355 4003 401 4057 sed
427 4020 458 4056 ne
483 4005 525 4056 hic
549 4005 653 4071 quidem
677 4006 752 4058 locus
775 4009 809 4058 ila
835 4006 1020 4074 intelligendus
1044 4012 1097 4068 est,
1121 4012 1151 4059 ut
1167 4006 1312 4072 posteriore
1332 4011 1431 4058 tantum

158 4074 275 4126 membro
295 4075 458 4126 contineatur
476 4070 544 4125 istud
562 4073 648 4144 κρίμα
667 4075 775 4137 Christi,
794 4075 840 4128 sed
858 4078 945 4144 priore
963 4076 1053 4134 simul,
1071 4077 1109 4127 nti
1127 4076 1183 4141 ipse
1202 4074 1238 4126 Ile
1254 4075 1340 4126 Wette
1359 4081 1430 4127 recte

157 4145 290 4263 perspexit
314 4145 401 4196 locum
426 4143 534 4204 ‚‚bea'des
553 4143 593 4193 als
613 4146 654 4194 eiu
675 4145 783 4197 (1111111
796 4176 828 4184 -
847 4147 907 4200 111.
927 4149 983 4198 ciue
1000 4144 1148 4212 Scheidunp
1165 4144 1343 4211 darprandus!
1370 4145 1429 4196 Lut-

177 4210 245 4264 ardo:
264 4215 331 4277 „dos
352 4213 456 4265 Gericht
473 4211 513 4262 als
533 4209 682 4263 Resultal.“

225 4300 249 4349 2.
268 4299 325 4350 Non
344 4303 430 4350 autem
456 4296 655 4362 „praeterisse“
673 4299 710 4351 uti
728 4299 765 4351 De
784 4300 870 4352 Wette
890 4299 952 4352 vult.
988 4297 1037 4350 Cir.
1056 4311 1122 4364 quae
1141 4302 1212 4349 recte
1231 4305 1429 4367 opponuntnru

156 4363 319 4434 Wiesingero
339 4385 364 4435 p.
376 4369 436 4421 275.
472 4366 563 4416 Winer
581 4362 698 4420 Gramm.
712 4366 752 4422 ed.
765 4366 797 4419 Vl
814 4384 839 4435 p.
852 4370 901 4423 257
915 4383 954 4436 sq.

226 4452 250 4504 3.
263 4447 307 4508 Ὃς
323 4446 372 4512 τὰς
389 4446 525 4573 &populor
541 4444 620 4520 ἡμῶν
636 4444 716 4507 αὐτὸς
734 4446 887 4521 ἀνήνεγκεν
904 4445 936 4503 ἒν
952 4442 995 4524 τῷ
1008 4445 1049 4504 coi
1105 4468 1115 4503 ι
1133 4445 1215 4504 αὑτοῦ
1230 4447 1277 4507 ἐπὶ
1295 4438 1428 4518 titillor}

160 4515 216 4570 ἵνα
233 4522 308 4576 ταῖς
325 4515 439 4593 ἇμοιρτ
463 4537 517 4578 αις
534 4512 794 4590 ἀπογενόμενοι
811 4521 845 4594 τῇ
865 4517 1028 4593 δικαιοσύνῃ
1047 4465 1212 4593 mopso.

226 4608 249 4657 l.
275 4603 320 4655 Cui
343 4608 465 4672 opinioni
485 4621 561 4674 quam
586 4606 696 4658 maxime
719 4607 856 4670 convenit,
880 4605 950 4674 quod
974 4621 1040 4676 quae
1064 4612 1209 4675 sequuntur
1226 4608 1312 4674 capite
1334 4612 1428 4675 quarto

157 4675 259 4742 (quinto
279 4673 347 4724 enim
366 4674 436 4727 iilum
457 4676 582 4728 orationis
601 4691 652 4728 non
670 4676 804 4729 continuat
817 4674 864 4730 sed
875 4676 978 4745 singula
990 4683 1129 4746 praecepta
1140 4675 1259 4744 adjungit
1269 4676 1426 4744 apostolus),

1209 4781 1225 4830 l
