3210 5228
628 345 806 413 ιιιιιιιι,
828 340 969 400 coa-218.
1196 312 1201 317 ’
1402 331 1439 396 ιι
1488 354 1491 358 -

163 514 197 575 ιιι
217 511 412 573 Christianos
434 511 579 572 infestum
602 512 791 589 exprobrari.
833 509 1025 580 Adversarii,
1048 511 1093 570 slc
1115 510 1360 585 argumentatur,
1382 521 1442 566 vos

164 596 335 676 reprobant
361 599 408 657 nti
428 596 585 658 (lbrlstum
608 604 678 658 ante
702 598 758 673 (ΙΙ,
781 601 810 660 4.
834 600 862 661 7.
891 597 945 656 cir.
967 594 1196 666 Jcs‚vl11‚14.
1226 593 1264 653 ci.
1286 592 1357 669 ιι);
1386 590 1441 653 set

166 700 259 761 quom
284 683 425 745 inlincm
448 685 508 743 nisi
530 689 565 744 ut
587 684 794 761 reprobentur
810 681 950 744 malevoli
966 682 1035 783 ipsi.
1069 681 1153 740 Hauc
1170 696 1255 758 spem
1272 682 1307 738 ιιι
1322 678 1441 737 firmam

165 774 304 842 teneant,
334 771 479 831 continuo
507 769 545 830 nd
569 769 682 830 Gbristi
708 771 867 831 victoriam
891 771 1086 846 conspicuam
1109 769 1141 825 in
1166 765 1246 824 illius
1269 781 1285 822 a
1310 765 1442 823 mortuis

107 902 114 909 -
166 853 265 917 redita
286 857 399 915 tunsit
420 856 580 931 apostolus
599 856 681 934 (18),
700 855 809 933 judicii
827 857 957 916 extremi
971 853 1031 930 (lV,
1044 855 1074 924 6)
1094 853 1248 912 mentione
1264 849 1374 909 deinde
1389 847 1442 909 ab·

166 939 289 1003 solvens
309 943 617 1019 argnrnenlatiorem.

243 1024 360 1089 Helius
381 1041 463 1087 nunc
484 1026 683 1104 intelligimus
705 1045 767 1105 quo
792 1031 913 1105 spectet
940 1025 1014 1085 illud
1043 1021 1206 1102 μακάριοι,
1235 1021 1390 1083 lucillus
1377 1036 1442 1096 Jarn
1491 1043 1495 1052 ¹

163 1112 437 1189 interpretabimur
472 1112 556 1190 quod
591 1116 733 1191 sequitur
767 1120 904 1191 κρεῖττον
936 1111 1017 1172 idem
1046 1116 1211 1189 spectans3
1244 1125 1315 1168 nam
1349 1123 1443 1184 quan·

163 1204 351 1277 trmconqne
378 1198 512 1260 sonasse
540 1202 571 1259 in
597 1200 728 1276 singulis
755 1200 976 1266 erraverimus,
1006 1198 1066 1257 boc
1094 1196 1326 1257 demonstrasse
1354 1192 1444 1274 nobis
1486 1270 1488 1275 Ι

162 1298 348 1362 maranum
367 1288 430 1353 est,
454 1284 524 1345 inde
553 1300 676 1346 suono
699 1294 731 1346 et
754 1284 934 1346 duodecimo
957 1300 1050 1344 versu
1078 1285 1178 1354 omnia
1207 1282 1304 1358 magis
1334 1279 1444 1356 magis·

163 1387 223 1448 que
246 1370 319 1429 eum
340 1371 371 1429 in
395 1370 488 1431 finem
511 1372 580 1441 niti,
606 1377 639 1432 ut
660 1372 789 1449 amplius
813 1388 872 1431 non
894 1375 956 1431 tam
972 1369 1106 1428 officium
1122 1369 1277 1445 patienter
1294 1376 1325 1426 et
1340 1369 1445 1428 sancte

127 1500 132 1508 -
163 1453 338 1517 sustinendi
358 1459 537 1517 vexationes
557 1458 729 1519 inculcetur
747 1456 944 1528 Christianis,
962 1472 1053 1533 quam
1073 1471 1161 1531 spes
1183 1454 1443 1520 confirmetur,

162 1542 231 1602 iore
255 1539 420 1618 aliquando
443 1549 478 1601 ut
495 1542 608 1605 Christi
630 1545 758 1605 victoria
776 1544 842 1620 jam
858 1547 1016 1620 reportata
1035 1542 1177 1600 fruantur
1193 1539 1358 1599 Christiani
1376 1554 1445 1597 cum

162 1629 194 1689 in
210 1625 321 1688 iisdem
340 1635 416 1687 ‘ante
434 1630 648 1689 vexationibus
664 1633 779 1690 versati
799 1631 861 1688 sint
879 1637 971 1706 alque
988 1628 1053 1699 ille,
1071 1626 1303 1686 adversariis
1322 1639 1445 1684 veroa

164 1712 278 1791 qulbus
287 1714 353 1790 jam
365 1722 544 1790 premantur
555 1716 694 1791 justum
713 1717 872 1775 imminere
883 1715 940 1775 Dei
952 1710 1327 1789 Christiquejudicinm.
1353 1709 1446 1785 cnjus

163 1799 383 1876 disputationis
413 1800 535 1860 ultimos
561 1802 640 1862 flues
668 1800 817 1862 babemus
846 1803 879 1859 in
906 1801 1015 1876 capitia
1038 1800 1076 1858 1V
1104 1796 1298 1860 versibus5.
1326 1796 1372 1858 13
1398 1796 1446 1857 ll.

168 1884 206 1947 18
225 1883 346 1961 singula
367 1878 642 1962 argumentationis
661 1889 759 1964 capita
783 1885 1024 1946 absolventibus
1063 1883 1184 1945 Nodum
1206 1899 1282 1942 vero
1306 1888 1337 1942 et
1359 1880 1448 1958 quasi

165 1970 357 2049 singulorum
373 1971 495 2033 filorum
510 1972 700 2051 complexum
715 1989 809 2033 versu
829 1971 1080 2047 duodevigesimo
1096 1971 1179 2031 tertii
1197 1975 1228 2029 et
1245 1973 1315 2028 sext
1316 1984 1334 2027 o
1330 1966 1448 2069 quarti

165 2057 274 2134 capitis
296 2059 448 2118 contineri
471 2060 648 2130 statuimus
671 2061 723 2136 qui
745 2056 783 2119 τὰ
807 2054 848 2128 εἰς
871 2054 1006 2134 Χριστὸν
1028 2053 1205 2134 neemiam
1228 2053 1278 2112 καὶ
1301 2044 1449 2128 τὰςμιιιὶ

167 2145 263 2201 ταῦτα
285 2137 394 2215 δόξας,
423 2145 576 2221 insignem
605 2145 687 2205 illam
715 2144 863 2221 epistolae
893 2159 1058 2216 summam,
1088 2140 1279 2220 quomodo
1271 2158 1302 2200 m
1325 2138 1449 2200 Christo

164 2228 421 2304 ipsoeonrpicua
445 2232 485 2288 sit
508 2237 539 2290 et
558 2230 740 2292 Christianis
764 2231 872 2291 eodem
896 2229 985 2290 modo
1005 2225 1254 2290 communicanda
1274 2223 1448 2287 ostendunt.

248 2313 282 2374 V.
299 2315 347 2378 17.
371 2313 522 2393 Κριΐτταν
544 2314 603 2395 γὰρ
624 2313 912 2394 ἀγαθοποιοῦντας,
936 2319 963 2374 εἰ
981 2314 1068 2375 θέλοι
1092 2311 1126 2374 τὸ
1150 2312 1274 2389 θέλημα
1291 2315 1346 2371 τοῦ
1362 2312 1449 2380 θεοῦ,

164 2395 293 2476 πάσχειν
320 2395 340 2478 ἢ
371 2405 623 2473 κακοποιοῦντας.
662 2402 851 2463 ,Rectissime
879 2403 954 2463 vidit
983 2403 1027 2463 De
1051 2402 1154 2461 Wette
1181 2395 1240 2479 γάρ
1270 2395 1449 2475 particulam

162 2501 227 2547 non
243 2489 361 2544 tantum
381 2484 417 2544 ad
432 2504 557 2548 versum
578 2491 717 2565 proxime
735 2487 965 2549 antecedentem
983 2486 1175 2548 referendam
1194 2502 1265 2547 esse
1281 2484 1337 2545 sed
1352 2489 1449 2544 totam

164 2572 390 2637 sententiarum
413 2576 526 2632 seriem
551 2591 567 2632 a
584 2591 677 2634 versu
694 2575 811 2635 decimo
830 2580 940 2652 quarto
956 2575 1153 2651 incipientem
1170 2577 1279 2632 nostro
1297 2567 1448 2631 concludi

164 2655 243 2733 Quid
266 2655 348 2733 quod
372 2660 472 2718 omnis
496 2661 620 2721 omnino
643 2660 692 2720 llla
716 2660 900 2736 disputatio,
920 2678 980 2737 qua
1002 2658 1073 2720 inde
1096 2676 1112 2718 a
1136 2661 1234 2737 capite
1257 2654 1394 2717 secundo
1409 2653 1449 2713 de

160 2741 409 2813 Christianorum
431 2748 605 2805 innocentia
631 2747 663 2805 iu
686 2746 898 2807 vexationibus
921 2745 1077 2823 probanda
1104 2743 1316 2819 servandaque
1339 2743 1449 2817 agitur,

161 2828 221 2905 boc
242 2844 336 2888 versu
357 2829 486 2906 quadam
512 2835 601 2907 quasi
624 2848 742 2892 summa
767 2831 950 2904 absolvitur,
973 2833 1016 2892 ita
1038 2832 1153 2891 ntnisi
1176 2829 1234 2889 sub
1257 2829 1351 2889 linem
1368 2826 1449 2903 capi-

162 2916 205 2975 tis
227 2915 329 2991 quarti
347 2914 427 2974 nulla
451 2915 531 2976 illius
555 2919 669 2978 mentio
693 2918 748 2977 ilat
771 2917 909 2994 amplius.
943 2917 1039 2978 Simul
1060 2933 1133 2978 vero
1151 2917 1246 2985 inest,
1272 2916 1315 2974 uti
1335 2913 1448 2981 debuit

162 3016 200 3069 aa
211 3001 310 3071 notio,
321 3017 380 3076 qua
393 3005 557 3062 transitum
573 3003 609 3062 ad
623 3021 732 3064 novam
745 3005 1020 3080 argumentationis
1030 3007 1148 3080 partem
1158 3007 1266 3062 auctor
1279 2999 1338 3060 sibi
1350 3005 1447 3076 paret.

161 3128 165 3137 ·
260 3085 531 3149 verumenimvero
561 3089 634 3165 quid
665 3091 889 3166 conjunctionis
919 3089 989 3150 bnic
1019 3106 1087 3150 cum
1114 3090 1253 3164 proximo
1282 3101 1376 3147 versu
1402 3086 1448 3144 in·

159 3170 317 3242 tercedat,
342 3189 403 3232 non
427 3173 515 3233 nibili
534 3175 707 3236 faciendum
730 3183 786 3236 est.
832 3175 995 3252 Participia
1018 3171 1338 3252 ἀγαθοποιοῦντες..
1362 3191 1449 3230 κακο-

159 3259 321 3328 ποιοῦντες
343 3266 451 3336 aperte
474 3263 646 3337 respiciunt
633 3257 748 3321 tad'
730 3284 759 3320 α
753 3257 894 3339 ιιιθὴι’
875 3256 1080 3340 αιαστροφῆν
1098 3292 1134 3305 -
1160 3257 1334 3334 συνείδησιν
1358 3263 1390 3317 ct
1411 3255 1450 3317 ad
1535 3286 1539 3309 ι

161 3336 287 3405 illud
265 3365 308 3414 αις
330 3365 506 3405 ceconomo
533 3364 645 3408 versus
670 3346 780 3408 decimi
808 3349 895 3409 sexti.
943 3349 1044 3424 Atque
1068 3349 1110 3406 ila
1139 3350 1212 3406 sunt
1239 3346 1395 3420 conjuncti
1419 3343 1451 3403 bi

161 3446 290 3501 versus,
314 3437 349 3489 οι
371 3429 483 3507 quod
475 3449 507 3490 m
529 3435 576 3494 rei
598 3435 698 3510 ipsius
720 3435 804 3495 exitu
819 3436 1020 3510 conspicuum
1035 3437 1105 3492 aute
1121 3431 1227 3494 oculos
1242 3435 1337 3509 ponat
1354 3431 1449 3506 prior,

162 3515 245 3577 iden
266 3515 371 3577 verbis
393 3515 673 3593 ponderosioribus
697 3523 871 3581 sententiae
890 3522 988 3582 instar
1005 3519 1145 3597 proferat
1163 3519 1249 3580 alter.
1285 3517 1405 3577 Etenim
1423 3518 1450 3576 sl

163 3601 329 3663 Christiani
344 3602 555 3681 exploratione
569 3605 700 3705 quadam
713 3606 867 3683 qnondam
878 3608 959 3667 lacta
975 3605 1105 3667 malefici
1119 3607 1327 3706 reperiantur,
1342 3617 1448 3678 repro

160 3686 246 3749 batio
266 3686 331 3757 illa,
353 3705 432 3764 quae
448 3707 544 3750 versu
558 3692 662 3767 priore
682 3691 868 3752 adversariis
886 3693 1100 3763 annuntiatur,
1118 3693 1149 3751 iu
1167 3693 1252 3766 ipsos
1269 3686 1384 3747 recidat
1396 3702 1448 3745 ne·

161 3790 252 3837 cesse
270 3779 331 3846 est,
337 3791 448 3859 neque
469 3776 636 3855 quidquam
654 3779 774 3838 fructus
791 3797 807 3839 e
824 3777 1049 3838 calamitatibus
1065 3779 1156 3838 istis
1148 3794 1179 3835 ιο
1192 3791 1247 3835 eos
1259 3770 1449 3843 redundabit

162 3861 275 3939 qnippe
294 3849 371 3919 ma'le
388 3861 466 3920 lacta
486 3865 595 3922 merito
612 3863 733 3923 luentes
749 3865 800 3942 (cl.
814 3862 1055 3940 lv‚15.11,.20)
1073 3863 1140 3923 Sin
1158 3877 1247 3928 vero,
1267 3855 1348 3934 quod
1363 3872 1450 3934 prac-

161 3946 294 4006 sumitur
316 3945 353 4004 ab
376 3946 549 4022 apostolo
541 3965 571 4007 m
595 3947 849 4010 antecedentibus
871 3947 909 4009 ad
933 3950 1086 4010 rationem
1109 3947 1177 4023 spei
1192 3938 1379 4004 reddendam
1398 3960 1451 4005 ex-

160 4030 324 4107 bortant,e
350 4033 493 4093 insontes
521 4032 710 4108 plectuntur:
741 4036 814 4107 crit,
843 4035 1004 4096 illucescet
1026 4029 1189 4110 aliquando
1218 4028 1300 4101 dics,
1331 4031 1362 4089 ιο
1391 4046 1451 4107 qua

160 4118 339 4196 reprobatis
354 4117 627 4180 calumniatoribus
642 4120 887 4182 Christianorum
902 4121 1076 4181 innocentia
1089 4115 1308 4194 comprobetur
1325 4121 1357 4175 et
1372 4132 1450 4192 qnae

159 4205 306 4353 perpessi
329 4206 408 4275 sint,
432 4205 621 4268 reficiantur
667 4207 743 4267 ilinc
766 4207 849 4269 istud
866 4202 1265 4286 auriacov‘quodseqnitur.
1295 4201 1361 4277 Quo
1375 4218 1451 4262 vcro

191 4289 358 4351 ndamento
383 4306 456 4366 spes
481 4289 530 4350 illa
550 4292 681 4365 nitatur,
698 4291 783 4354 addit
797 4310 909 4354 versus
926 4289 1208 4389 duodevigesimus,
1232 4305 1364 4367 quocum
1379 4303 1451 4348 con·

155 4377 286 4455 ιιιιιοιιιο
300 4375 422 4437 demum
440 4375 576 4437 decimus
596 4378 746 4454 septimus
770 4377 980 4456 explicationi
986 4380 1035 4436 est
1055 4376 1124 4436 voci
1144 4371 1291 4454 μακάριαι
1312 4375 1451 4435 omnino·
1531 4432 1536 4443 ,

66 4493 70 4501 ·
157 4480 219 4542 quc
244 4461 499 4524 antecedentibus
522 4463 721 4524 conclusioni.

162 4576 166 4581 ·
231 4549 353 4611 V.18
385 4545 533 4629 Koarenda
556 4547 638 4610 dorm
660 4543 930 4626 ἀγαθοποιοῦντας
952 4540 1145 4625 πάσχιιν-
1168 4543 1215 4608 ὅτι
1238 4543 1288 4605 καὶ
1311 4540 1451 4624 Χριστὸς

158 4629 299 4713 duab-7
311 4629 408 4694 ἔπαθε
421 4632 599 4708 δικαιας.-
611 4634 777 4707 Christum,
791 4651 870 4712 qnae
883 4638 916 4695 et
931 4633 1086 4714 quomodo
1099 4634 1200 4696 omnia
1212 4632 1383 4713 perpessus
1396 4648 1444 4692 es-

159 4724 222 4794 set,
238 4720 422 4780 Christianis
439 4737 592 4781 summum
610 4739 680 4784 esse
693 4720 849 4799 exemplar
860 4719 942 4798 quod
955 4725 989 4783 ut
1000 4724 1206 4798 sequerentur
1220 4716 1389 4781 obstrictos
1400 4734 1439 4779 eo
