3210 5228
668 263 774 320 anrn.
792 262 838 331 ΙΙΙ,
859 263 871 317 Ι
894 260 957 335 sqq.
1410 251 1449 318 ΙΙ

176 427 264 506 σαρκὶ
288 427 439 489 πέπαυται
462 422 625 507 ἁμαρτίας.
661 430 795 491 Moritur
817 431 906 508 quasi
928 432 959 490 ln
982 430 1118 490 cruciatu
1148 429 1351 501 odlamltutum
1380 429 1453 488 iota-

174 533 243 576 rum
266 525 297 575 et
321 518 516 576 vexationum
538 516 628 576 homo
652 518 709 589 ita,
739 523 774 575 ut
796 515 916 577 desinat
939 517 1042 578 vivere
1071 532 1162 592 quem
1185 518 1215 576 in
1238 513 1360 576 modum
1381 521 1452 574 aute

173 603 292 663 ruerit.
325 595 360 659 Ὁ
381 597 521 680 Χριστὸς
544 597 657 662 παθὼν
681 601 775 680 σαρκί
801 601 879 662 idem
909 604 1032 679 estqui
1057 618 1149 678 supra
1171 600 1283 662 dicitur
1305 602 1452 659 θανατο-

157 687 243 758 ιθιΙς
265 686 364 764 σαρκί.
400 688 433 746 Ιο
456 689 581 747 notione
604 694 707 748 autem
730 683 845 768 σαρκός
868 689 1073 749 conclusionis
1089 686 1181 747 cardo
1201 689 1340 749 vertitur.
1374 685 1452 745 Caro

175 790 253 860 quae
276 778 427 850 patitur
452 773 556 834 eadem
582 780 631 834 est
652 774 818 834 inGhristo
844 791 922 851 quae
946 777 976 834 in
992 774 1183 834 Christianis.
1220 773 1361 835 Christus
1378 787 1451 832 vero

175 861 241 920 sine
265 858 324 919 ulla
346 877 401 919 sua
427 860 515 936 culpa
541 878 710 937 perpessus
736 865 786 920 est
808 877 886 937 quae
911 861 961 920 alii
983 862 1214 931 commiserunt,
1238 852 1452 934 discruciando

172 941 287 1005 ἀδίκων
302 944 367 1025 περὶ
386 938 547 1023 ἁμαρτιῶν
564 946 682 1007 scilieet
697 946 835 1007 aliorum.
865 946 967 1006 Carne
984 937 1105 1006 Christo
1124 945 1240 1006 tributa
1259 944 1334 1021 nihil
1350 945 1378 1004 ci
1399 945 1452 1002 tri·

173 1033 278 1092 buitur
294 1031 511 1094 immunditiae,
551 1032 647 1093 Aliam
675 1050 746 1093 esse
770 1034 856 1093 vocis
875 1034 934 1092 vim
955 1038 987 1092 et
1002 1034 1152 1093 rationem
1168 1033 1198 1092 in
1216 1031 1344 1108 reliquis
1359 1031 1452 1105 signi·

174 1118 285 1177 fleatur
292 1119 305 1193 j
316 1136 336 1177 u
346 1117 363 1176 d
372 1119 381 1175 i
391 1120 441 1176 cii
460 1120 585 1178 notione
598 1119 765 1179 substituta
776 1119 946 1194 passionis3
960 1120 1001 1178 ita
1014 1136 1041 1178 v.
1055 1120 1089 1180 o:
1099 1116 1151 1178 ‘lac
1163 1120 1296 1194 κριθῶσι
1308 1151 1350 1161 -
1362 1114 1455 1193 σαρκί

176 1204 213 1264 oi.
230 1221 258 1262 v.
280 1197 372 1264 liri
393 1200 501 1280 καιρὸς
521 1198 680 1282 ἄρξασθαι
703 1202 738 1264 τὸ
758 1202 851 1283 κρίμα
868 1238 910 1250 -
932 1199 991 1282 ἀφ’
1015 1196 1135 1282 ἡμῶν.1
1177 1203 1227 1264 sic
1246 1204 1345 1280 primo
1361 1204 1453 1263 etism

175 1306 269 1350 versu
281 1292 381 1349 carnis
399 1290 554 1349 notionem
572 1291 662 1350 simul
678 1289 907 1367 peccatiiatem
920 1289 1082 1366 complecti
1098 1287 1189 1350 docet
1205 1289 1235 1350 id
1253 1290 1354 1366 ipsum
1371 1286 1453 1366 quod

176 1376 317 1452 sequitur
336 1374 487 1435 πέπαυται
505 1368 660 1454 ἁμαρτίας
676 1375 718 1446 εἰς
735 1375 771 1436 τι)
781 1373 888 1453 μηκέτι
900 1370 1078 1453 ἀνθρώπων
1091 1371 1269 1451 ἐπιθυμίαις
1279 1375 1451 1450 -βιῶσαι,

261 1456 323 1541 ΙΙοο
339 1477 415 1521 vero
431 1478 470 1520 ex
485 1465 574 1538 parte
594 1478 687 1538 quum
704 1461 877 1522 differentia
895 1461 1074 1540 praevalere
1089 1460 1229 1522 videatur
1246 1459 1451 1531 similitudine,

172 1546 294 1626 juvabit
317 1549 419 1607 statim
447 1545 611 1624 adjungere
636 1547 766 1608 alterum
790 1549 1028 1626 comparationis
1051 1547 1230 1610 membrum.
1274 1547 1342 1606 Vita
1371 1546 1451 1605 enim

175 1650 254 1694 nova
278 1632 313 1691 ad
338 1649 429 1710 quam
447 1651 464 1693 e
482 1638 582 1693 morte
605 1635 773 1695 emersisse
788 1633 899 1695 dicitur
916 1633 1057 1694 Christus
1080 1632 1251 1711 appellatur
1267 1633 1451 1711 spiritualis:

175 1717 377 1794 ζωοποιηθεὶς
397 1712 557 1794 πνεύματι.
604 1719 686 1779 ldem
706 1737 782 1780 vero
809 1737 941 1797 prorsus
969 1719 1160 1796 significatur
1186 1720 1279 1789 linis,
1306 1735 1397 1796 quem
1416 1722 1452 1778 ut

174 1810 402 1881 consequantur
430 1822 487 1880 per
516 1804 706 1881 evangelium
736 1806 877 1866 homines
907 1806 1000 1866 etiam
1032 1807 1217 1876 invitantur,
1248 1800 1451 1882 εὐηγγελίσθη

171 1889 224 1950 ‘hc
246 1923 288 1935 -
312 1887 383 1962 ζῶσι
402 1886 481 1948 κατὰ
501 1885 576 1950 θεὸν
598 1885 763 1967 πνεύματι,
786 1892 876 1967 cuius
899 1890 998 1951 simile
1016 1896 1167 1968 quatenus
1190 1892 1222 1950 in
1239 1890 1297 1950 hac
1313 1892 1374 1951 vita
1386 1891 1451 1966 jam

172 1978 371 2052 conspicuum
395 1978 449 2047 sit,
473 1993 566 2053 supra
589 1976 638 2036 his
660 1976 764 2039 verbis
793 1975 980 2038 describitur
1004 2011 1045 2023 --
1068 1971 1261 2053 θελήματι
1283 1977 1377 2036 θεοῦ
1397 1970 1452 2034 τὸυ

172 2058 327 2123 ἐπίλοιπον
350 2060 381 2120 ἓν
405 2061 494 2139 σαρκὶ
511 2064 653 2138 βιῶσαι
673 2058 822 2140 χρόνον.2
835 2097 878 2109 -
899 2062 981 2123 llaec
1003 2064 1097 2139 igitur
1118 2064 1200 2126 iuter
1223 2079 1258 2123 se
1280 2063 1451 2139 comparant

172 2149 328 2208 videmur:
353 2147 509 2207 Christum
538 2154 787 2226 mortuumpost
810 2149 923 2210 multos
939 2150 1097 2226 passionis
1113 2151 1267 2210 cruciatus
1285 2148 1321 2207 ad
1341 2163 1452 2207 noram

126 2301 131 2308 ,
171 2237 263 2296 vitam
293 2235 477 2303 emersisse,
503 2234 695 2296 Christianos
727 2235 833 2296 eadem
864 2237 911 2296 via
942 2234 979 2294 ad
1009 2233 1141 2296 cundem
1168 2235 1262 2294 finem
1293 2233 1451 2313 adspirare

172 2320 301 2393 dehere;
327 2319 385 2380 hoc
408 2320 485 2380 velle
510 2320 702 2398 evangelium
726 2321 807 2400 quod
826 2321 864 2382 de
880 2320 1003 2382 Christo
1022 2320 1234 2403 praedicatum
1261 2322 1293 2380 in
1313 2321 1361 2380 via
1385 2323 1451 2397 ipsa

172 2407 358 2468 constitutos
380 2409 444 2482 jam
468 2423 538 2468 esse
561 2408 709 2480 lectores,
733 2425 801 2469 cum
830 2407 868 2467 ad
892 2407 1006 2468 Christi
1030 2406 1261 2468 similitudinem
1284 2405 1451 2466 infidelium

171 2498 350 2571 premantur
372 2493 622 2557 vexationibus³
654 2493 742 2567 Quod
766 2496 819 2571 qui
840 2495 998 2570 patiantur
1020 2492 1127 2554 eodem
1149 2509 1210 2571 quo
1231 2491 1370 2552 Christus
1389 2493 1452 2551 ani-

171 2596 220 2640 mo
245 2574 316 2655 (τὴν
339 2574 436 2654 αὐτὴν
459 2573 590 2650 ἔννοιαν)
612 2578 729 2647 similes
752 2597 823 2641 esse
846 2579 927 2640 illius
950 2581 1004 2656 qui
1025 2584 1136 2656 sponte
1153 2580 1246 2642 vitam
1264 2578 1450 2655 deposuerit.

172 2666 264 2743 Atqui
280 2681 370 2740 quam
393 2665 454 2740 ipsi
476 2663 644 2742 deponant,
664 2667 757 2726 vitam
779 2682 850 2726 esse
867 2675 929 2725 non
945 2664 1069 2742 quidem
1092 2664 1256 2725 humanam
1278 2664 1333 2725 sed
1356 2664 1451 2724 horni-
1544 2711 1548 2722 .

170 2769 242 2812 num
266 2749 441 2809 lihidinibus
464 2752 661 2827 inquinatam.
700 2751 758 2824 Qui
780 2768 856 2811 vero
880 2755 924 2811 sie
945 2751 1040 2811 rebus
1062 2750 1204 2811 humanis
1219 2750 1449 2823 renuntiaverit,

158 2855 239 2902 ⁴earm
263 2854 331 2895 cum
350 2838 411 2896 vita
435 2837 467 2895 iu
489 2827 624 2913 peccatis
648 2843 716 2897 acta
740 2837 871 2897 divinam
887 2837 935 2897 vel
952 2837 1142 2912 spiritualem
1163 2842 1367 2908 commutare,
1392 2837 1449 2896 hoc

170 2926 201 2984 in
225 2921 338 2983 mundo
355 2919 531 2994 ineundam,
557 2923 693 3000 perfecte
717 2922 953 2984 nanciscendam
977 2938 1068 2983 carue
1091 2925 1215 2998 penitus
1238 2927 1336 2982 exuta.

265 3010 334 3069 Jam
368 3007 449 3068 istud
484 3009 653 3085 perlectum
683 3007 834 3069 πέπαυται
861 3007 980 3069 facilius
1014 3011 1107 3069 etiam
1137 3007 1314 3084 explicatur.
1369 3011 1448 3068 Ante

170 3096 272 3156 omnia
296 3093 490 3153 statuendum
524 3101 573 3155 est
596 3097 750 3157 fanniam
781 3094 902 3156 dicendi
931 3096 1060 3172 petitam
1089 3111 1160 3155 esse
1184 3112 1200 3154 a
1225 3093 1340 3155 Christi
1364 3095 1449 3154 simi·

169 3179 311 3250 litudine‚
334 3183 386 3256 qui
405 3186 533 3240 mortem
557 3183 652 3242 semel
672 3197 843 3259 perpessus
862 3181 898 3240 ad
919 3197 1029 3240 novam
1050 3182 1143 3239 vitam
1161 3182 1289 3240 emersit
1310 3196 1369 3257 qua
1384 3181 1448 3257 jam

168 3272 282 3327 utatur.
313 3266 376 3326 lloc
394 3271 496 3326 autem
514 3284 575 3343 quo
593 3269 664 3344 jure
681 3267 718 3327 ad
735 3284 789 3328 eos
810 3267 989 3345 applicetur,
1008 3267 1060 3343 qui
1081 3265 1137 3326 hac
1159 3269 1190 3326 in
1210 3268 1269 3326 rita
1291 3271 1377 3327 certe
1393 3283 1450 3342 per

170 3354 349 3415 vexationes
363 3351 399 3410 ad
411 3352 467 3411 Dei
480 3353 667 3414 voluntatem
683 3353 842 3432 patiendas
857 3353 990 3415 nonnisi
1005 3354 1147 3412 sensim
1163 3353 1328 3429 proliciant
1338 3355 1369 3412 in
1385 3352 1447 3414 iita

170 3441 207 3499 ah
231 3440 312 3498 omni
334 3445 531 3516 peccatorum
553 3442 783 3515 inquinamento
807 3439 981 3518 purganda,
1006 3438 1076 3498 inde
1100 3436 1221 3498 demum
1249 3441 1448 3515 cognoscitur

169 3524 250 3604 quod
274 3524 417 3600 baptismi
437 3529 551 3584 mentio
567 3528 748 3605 interposita
765 3534 814 3587 est
836 3530 917 3587 inter
934 3525 993 3585 hoc
1011 3524 1092 3602 quod
1112 3524 1149 3585 de
1167 3524 1350 3586 Christianis
1368 3543 1448 3586 nuuc

168 3611 363 3691 praedicatur
382 3615 413 3669 et
429 3608 501 3669 illud
520 3611 601 3687 quod
621 3609 767 3689 supra'de
787 3613 909 3674 Christo
925 3612 1038 3672 dictum
1058 3617 1116 3671 est.
1146 3610 1304 3688 Baptismo
1322 3616 1448 3687 accepto

168 3715 266 3758 novae
283 3694 363 3754 illius
379 3701 409 3754 ct
425 3695 462 3753 ab
481 3699 563 3775 ornni
576 3701 693 3774 peccati
710 3704 798 3759 reatu
813 3703 961 3776 purgatae
974 3698 1056 3757 vitae
1074 3698 1241 3773 participes
1258 3697 1329 3756 iacti
1348 3697 1448 3756 sunt.⁴¹

168 3784 266 3859 Quum
291 3798 365 3842 vero
389 3785 517 3856 propter
539 3782 617 3843 hanc
640 3790 775 3844 sanctam
798 3787 891 3844 vitam
906 3785 1140 3862 persecutiones
1156 3785 1323 3859 patiuntur,
1345 3781 1446 3841 denuo
1489 3856 1492 3861 ‚

169 3872 258 3947 quasi
281 3875 313 3928 et
328 3866 417 3925 altius
440 3868 471 3925 iu
494 3884 572 3943 aqua
592 3869 641 3929 illa
659 3869 785 3930 salutari
793 3855 1007 3946 'intinguntur
1038 3870 1145 3945 ltaque
1168 3867 1296 3928 similem
1315 3884 1446 3944 prorsus

167 3956 316 4016 hahemus
339 3953 522 4013 sententiam
547 3952 588 4013 illi
609 3954 753 4016 Paulinae
777 3948 793 4014 ὃ
816 3952 874 4033 γὰρ
897 3947 1073 4015 danteseia
1093 3951 1285 4013 δεδικαίωται
1308 3949 1370 4013 ἀπὸ
1393 3957 1447 4031 τῆς

237 4110 261 4159 Ι.
281 4107 364 4158 ΕΙΙυοι
379 4107 428 4156 hoc
446 4103 478 4155 de
493 4103 596 4169 judicio
611 4105 662 4158 dici
681 4105 751 4173 quod
771 4123 870 4159 carne
889 4109 1023 4166 sentiatur,
1042 4110 1150 4171 apparet
1167 4108 1322 4158 aversato
1339 4107 1383 4157 ubi
1400 4109 1444 4173 qui

170 4176 222 4228 tale
241 4175 302 4242 quid
323 4175 489 4242 experiantur
507 4173 672 4248 appellantur
689 4175 723 4227 oi
741 4170 953 4244 πάσχοντες.

240 4247 264 4298 2.
284 4244 349 4295 llinc
373 4245 450 4295 etiam
469 4247 521 4296 ut
545 4243 641 4310 legitur
665 4238 698 4295 ἐν
714 4244 797 4315 σαρκὶ
816 4239 931 4308 παθών,
955 4245 1004 4295 alia
1043 4239 1130 4293 uidem
1151 4240 1278 4292 relatione
1302 4248 1380 4310 atque
1400 4243 1445 4294 ubi
1500 4300 1501 4304 ,

170 4313 254 4383 σαρκί
272 4314 397 4379 scriptum
417 4318 469 4370 est,
488 4312 616 4363 sententia
635 4329 697 4365 vero
717 4330 768 4365 non
787 4316 929 4366 immutata.
955 4312 1006 4364 cfr.
1056 4311 1091 4362 in.
1108 4309 1219 4362 Gratum.
1239 4325 1264 4378 p.
1274 4312 1332 4365 366.
1351 4310 1444 4364 edlll.

239 4384 262 4435 3.
281 4383 436 4435 Rectissime
457 4381 648 4448 aWiesiugero
661 4388 789 4443 monetur,
807 4382 886 4434 verba
905 4378 919 4432 t
936 4374 1038 4432 παθὼν
1056 4372 1088 4430 ἐν
1105 4378 1188 4450 rapat
1207 4379 1257 4431 hoc
1273 4381 1333 4432 loco
1348 4379 1445 4433 dehere

169 4451 254 4518 accipi
276 4449 372 4502 eodem
391 4466 477 4503 sensu
500 4466 551 4517 quc
569 4465 648 4517 supra
672 4451 716 4503 illa
739 4445 861 4519 πάσχειν
880 4445 927 4501 διὰ
946 4442 1126 4517 δικαιοσύνην
1144 4448 1206 4511 (ΙΙΙ,
1226 4451 1284 4514 ΙΙ).
1318 4448 1444 4531 Vocatiu
1544 4520 1546 4523 η

167 4520 390 4585 comparationem
407 4519 492 4572 θῦοι,
503 4518 544 4580 ΙΙΙ,
554 4522 594 4573 10.
607 4523 645 4573 16.
664 4519 730 4572 Phil.
741 4518 788 4579 Ill,
801 4523 841 4572 10.
935 4562 937 4566 ,

167 4591 259 4710 monz.
278 4586 451 4710 ἑξμίπξοιοα
475 4587 566 4641 Sumtc
591 4593 744 4656 argumento
763 4603 815 4640 non
833 4587 918 4638 solum
936 4587 969 4638 ah
987 4587 1121 4654 exemplo,
1146 4586 1192 4640 sed
1216 4586 1292 4638 etiam
1312 4599 1329 4636 a
1346 4586 1442 4641 virtute
