3210 5228
164 279 222 343 ab·
680 283 785 342 terra.
803 285 854 354 ιιι,
874 284 924 341 ao.

251 446 430 513 Subsistere
442 453 507 530 jam
524 440 713 528 aliquantum
730 450 849 522 licebit,
868 468 937 512 cum
955 450 1057 510 omnia
1073 448 1260 527 perlustrata
1277 451 1351 520 sint,
1367 457 1449 527 quae

167 534 280 595 iaciant
307 535 343 596 ad
376 539 543 598 animarum
572 536 692 598 illarum
720 537 863 616 illiusque
887 554 964 614 quae
994 535 1031 595 ad
1054 552 1107 597 eas
1129 533 1228 595 delata
1259 537 1299 595 sit
1327 533 1448 613 praedi-

166 621 299 682 cationis
319 631 460 684 naturam
482 626 654 684 accuratius
677 623 920 685 describendam.

249 707 383 770 Primum
407 728 445 771 ex
467 710 609 770 omuibus
632 711 671 771 iis
694 727 772 788 quae
796 710 833 770 de
857 707 1064 770 inobedientia
1086 707 1204 767 illorum
1227 707 1447 784 praedicantur

166 799 307 871 apparet,
331 792 495 872 πνεύματα,
508 795 586 856 baec
607 813 669 856 non
686 796 812 873 angelos
829 796 884 857 sed
901 795 1113 856 defunctorum
1132 795 1247 854 animas
1264 810 1352 868 esse;
1375 808 1446 855 narn

166 878 244 939 banc
267 898 357 957 quam
372 899 436 958 ,per
452 880 609 943 Noacbum
631 884 760 943 maxime
780 884 911 947 ,offerret
927 881 1011 942 Itcus
1026 880 1218 941 clementiam
1233 879 1447 942 inobedientes

166 968 322 1042 aspernati
351 974 432 1029 sunt.
478 969 605 1029 Animae
634 973 722 1042 sunt,
749 971 795 1029 uti
823 985 917 1045 supra
945 965 1093 1037 vidimus,
1123 966 1236 1043 quibus
1259 983 1329 1026 cum
1352 980 1445 1028 carne

165 1049 240 1111 nibil
262 1053 309 1113 rei
331 1053 459 1131 amplius
483 1069 555 1114 esse
577 1056 644 1130 ipsa
666 1056 794 1116 notione
817 1054 1024 1115 confirmatur.
1059 1052 1166 1112 Altero
1181 1052 1330 1113 vocabulo
1347 1049 1444 1133 ψυχή’,

165 1136 247 1214 quod
270 1139 348 1215 apud
373 1141 506 1200 Graecos
536 1140 617 1201 solet
645 1141 683 1202 de
707 1136 821 1204 animis
846 1139 1060 1201 detunctorum
1083 1140 1226 1216 usurpari
1254 1138 1327 1217 (cir.
1350 1146 1444 1216 supra

164 1240 193 1298 p.
214 1223 274 1300 25)
296 1225 408 1287 Petrus
429 1227 536 1288 statim
558 1226 639 1286 inira
661 1224 755 1305 (ὀκτὼ
772 1224 881 1304 ψυχαί)
896 1228 934 1285 in
958 1223 1175 1286 enumerandis
1198 1225 1374 1286 bominibus
1397 1225 1443 1287 vi-

164 1307 308 1371 ventibus
340 1317 483 1391 usurpat,
514 1314 559 1372 uti
586 1316 710 1391 saepius
735 1314 847 1390 legitur
872 1314 903 1372 in
925 1309 981 1372 No.
1000 1311 1054 1371 To.
1080 1312 1161 1389 (tlct.
1177 1311 1217 1382 ll,
1233 1313 1282 1373 41.
1310 1310 1377 1382 Vll,
1395 1313 1444 1374 it.

164 1394 283 1470 xxvii,
308 1397 357 1461 37.
381 1397 420 1471 ll,
444 1399 494 1461 43.
521 1398 644 1471 111,23.
667 1398 898 1472 liom.XIIl,1;
921 1399 975 1458 cir.
993 1398 1012 1458 2
1028 1396 1124 1458 illaec.
1139 1396 1177 1469 ll,
1194 1397 1243 1460 38.
1281 1392 1383 1457 Vors‘t
1407 1395 1446 1458 dt

164 1480 255 1543 liebr.
274 1480 322 1554 iv,
346 1484 387 1562 2).
1078 1496 1082 1508 ¹

251 1568 320 1630 Jam
339 1587 407 1630 cum
426 1570 463 1631 de
482 1570 695 1631 defunctorum
719 1571 827 1630 animis
850 1571 1047 1647 anquiratur,
1070 1579 1133 1629 nou
1155 1571 1256 1628 minus
1279 1567 1447 1645 Bengelius

165 1660 261 1727 errat,
279 1656 415 1734 priorem
429 1673 539 1719 versus
555 1658 694 1733 vigesimi
717 1661 836 1733 partem
858 1657 901 1716 ita
917 1673 1065 1734 separans
1088 1656 1237 1732 temporis
1260 1655 1462 1730 nigrities-1

167 1742 250 1802 tione
273 1739 316 1822 (ἓν
338 1734 465 1821 ἡμέραις
488 1743 571 1820 Νῶε)
595 1748 631 1803 ut
651 1742 730 1804 banc
752 1742 883 1820 exempli
906 1741 1081 1821 proferendi
1104 1757 1196 1801 causa
1220 1740 1350 1801 additam
1374 1750 1448 1803 esst

123 1897 126 1901 r
165 1832 268 1904 putet,
291 1827 375 1889 istud
397 1827 473 1888 ποτέ
487 1832 589 1889 autem
605 1828 662 1903 „ad
682 1831 783 1890 omnia
802 1828 864 1890 Vis.
881 1829 925 1889 Ti.
942 1828 1065 1890 saecula
1082 1832 1211 1887 mortem
1230 1826 1345 1888 Christi
1360 1833 1447 1888 ante·

165 1918 293 1990 gressa“
317 1915 446 1988 referat,
475 1932 533 1993 per
560 1932 639 1993 quae
661 1917 723 1976 llei‘
741 1915 932 1976 clementiam
955 1919 990 1975 ut
1012 1913 1124 1991 singuli
1148 1915 1261 1990 quique
1284 1911 1448 1975 crederent

165 1998 202 2059 ad
225 2005 356 2062 mortem
379 2012 487 2062 eorum
502 2018 603 2080 usque
622 2007 821 2079 exspectasse
839 1997 1058 2079 (ἀπεξεδέχετο)
1077 2000 1157 2060 tacit.
1192 1998 1252 2060 Sed
1270 1991 1335 2058 οἷον
1350 1997 1444 2071 istud,

117 2097 119 2100 ’
164 2085 247 2164 quod
269 2092 340 2147 ante
362 2087 456 2149 verba
480 2085 511 2147 ἐν
533 2081 661 2168 ἡμέραις
683 2087 755 2148 Νῶε
778 2086 945 2149 subaudire
961 2086 1064 2164 jubet,
1084 2089 1136 2146 aut
1150 2085 1220 2145 addi
1239 2084 1371 2146 debebat
1393 2090 1446 2147 ant

165 2189 227 2233 non
244 2172 385 2250 intelligi,
403 2190 504 2250 neque
519 2176 645 2252 quaein
660 2173 738 2235 banc
750 2190 816 2234 rem
828 2173 1029 2251 proferuntur
1040 2173 1177 2249 exempla
1190 2171 1379 2251 (niqulv,
1393 2171 1444 2235 3οε

163 2257 236 2318 Luc,
249 2258 296 2332 IV,
314 2261 364 2322 25.
388 2260 436 2322 nc.
449 2259 558 2330 xxxi,
578 2261 642 2336 10),
666 2277 735 2320 cum
757 2262 820 2320 sint
836 2260 913 2319 alius
927 2261 1075 2336 'generis‘
1090 2256 1201 2335 aliquid
1217 2257 1362 2334 probant,
1385 2272 1444 2318 nec

163 2342 295 2423 denique
323 2346 451 2407 verbum
480 2341 674 2422 ἀπεξεδέχετο
704 2350 775 2424 apte
797 2347 871 2424 poni
894 2345 995 2421 potuit
1023 2344 1104 2405 nulla
1131 2345 1245 2421 injecta
1266 2344 1337 2403 finis
1360 2356 1445 2404 rnen·

163 2431 262 2506 tione3
291 2449 360 2492 nam
383 2448 474 2510 quem
496 2433 605 2492 mortis
628 2432 721 2514 finem
744 2433 852 2492 statuit
873 2430 1053 2508 Bengelius,
1075 2430 1175 2502 tinxit,
1200 2447 1268 2491 cum
1292 2429 1329 2489 ad
1353 2447 1444 2507 quem

162 2518 289 2595 respicit
311 2517 471 2595 apostolus
494 2517 587 2578 lateat
609 2519 639 2576 in
663 2517 767 2595 verbis
792 2513 1092 2593 κατασκευαζομένης
1115 2516 1278 2591 κεβωτοῦζι
1352 2539 1354 2543 ’

249 2603 387 2681 Longum
410 2608 460 2664 est
481 2621 582 2680 neque
604 2603 697 2681 hujus
718 2605 779 2665 loci
800 2606 903 2664 omnia
922 2605 1125 2682 interpretum
1148 2604 1307 2662 conamina
1327 2603 1467 2662 ericam

163 2687 221 2750 dae
242 2688 324 2751 illius
347 2688 536 2751 difficultatis
558 2690 607 2751 bic
629 2707 783 2752 enarrare.
819 2690 898 2751 Sunt
920 2694 1063 2751 enarrata
1081 2688 1314 2765 diligentissime
1333 2692 1364 2747 et
1381 2703 1444 2747 ma·

162 2777 273 2836 xlmam
292 2781 410 2854 partem
428 2775 584 2837 subtiliter
600 2777 732 2838 refutata
750 2794 767 2837 a
783 2776 935 2854 Steigero.
973 2775 1136 2837 Caeterum
1152 2777 1235 2835 inter
1251 2775 1443 2835 recentiores

162 2864 350 2938 interpretes
368 2867 497 2923 eatenus
515 2864 580 2923 lere
599 2865 754 2937 convenit,
772 2867 858 2943 ipsos
873 2863 941 2923 illos
956 2861 1072 2923 Noa'cbi
1087 2861 1231 2938 aequales
1248 2862 1300 2937 qui
1315 2865 1444 2938 propter

80 2970 81 2974 ¹
163 2946 235 3010 fidei
257 2946 496 3009 inobedientiam
519 2947 632 3010 diluvio
655 2952 805 3027 perierint
827 2966 881 3010 eos
906 2965 992 3021 esse,
1017 2953 1048 3008 et
1070 2951 1216 3026 quantum
1240 2964 1276 3007 ex
1299 2946 1358 3005 boc
1377 2947 1443 3024 qui-

163 3032 232 3095 dem
255 3034 323 3095 loco
346 3036 544 3113 cognoscitur
567 3036 650 3096 solos
675 3053 760 3109 esse,
784 3035 822 3096 ad
841 3052 919 3113 quos
936 3035 1122 3112 pertinuerit
1138 3032 1213 3092 baec
1230 3031 1344 3093 Gbristi
1361 3034 1444 3092 inter

163 3137 218 3182 eos
248 3122 423 3200 apparentis
454 3119 677 3198 praedicatio.²
720 3123 824 3197 Qualis
855 3121 931 3182 baec
959 3121 1054 3181 luerit
1080 3117 1268 3197 praedicatio
1296 3117 1473 3180 solvenda·

162 3211 261 3267 restat
283 3209 425 3285 quaestio
447 3208 553 3268 ultima
576 3214 608 3268 et
630 3219 762 3280 summa,
794 3224 873 3285 quae
896 3208 1001 3285 quanti
1024 3206 1170 3266 momenti
1191 3207 1246 3277 sit,
1271 3223 1309 3265 ex
1331 3221 1443 3290 magno

163 3294 364 3369 interpretum
388 3292 532 3355 dissensu
555 3297 763 3372 cognoscitur,
808 3292 905 3354 Nemo
928 3311 1002 3354 vero
1026 3293 1196 3369 negaverit,
1226 3293 1341 3352 arctius
1356 3291 1443 3351 *banc

164 3379 376 3454 quaestionem
405 3397 473 3440 cum
498 3383 563 3441 tota
593 3381 730 3441 doctrina
754 3379 923 3456 dogmatica
947 3379 1129 3450 cohaerere,
1162 3395 1252 3455 quarn
1281 3383 1316 3452 ut
1342 3376 1443 3438 soluta

163 3479 297 3541 unquam
320 3462 417 3525 videri
439 3467 554 3542 possit,
578 3467 606 3527 si
626 3481 704 3543 quae
723 3482 761 3526 ex
778 3464 837 3526 boc
854 3465 923 3530 loco
939 3464 1119 3527 obscuriore
1138 3462 1302 3525 derivanda
1319 3460 1442 3525 videan-

163 3554 213 3611 tur
231 3550 286 3622 iis‚
302 3549 381 3628 quae
399 3551 638 3613 clarissimi‘loci
656 3550 796 3622 doceant,
813 3552 1009 3613 inveniantur
1025 3554 1236 3628 repugnantia.
1271 3544 1442 3612 Dummodo

57 3651 60 3661 ·
164 3653 342 3708 caveamus,
373 3653 411 3697 ne
438 3640 471 3697 in
498 3638 645 3714 majorem
672 3637 874 3699 orthodoxiae
902 3637 1030 3714 gloriam
1057 3639 1229 3714 scripturae
1253 3646 1359 3698 sacrae
1381 3637 1442 3698 vim

87 3771 89 3775 .
162 3723 339 3784 inieramus.

204 3872 207 3876 -
248 3827 416 3888 Discedunt
436 3834 539 3888 autem
562 3829 592 3886 in
608 3798 664 3888 bac
682 3827 862 3905 quaestione
880 3827 1068 3903 interpretes
1085 3830 1117 3887 ln
1135 3827 1210 3888 duas
1229 3831 1356 3890 maxime
1373 3847 1442 3908 par-

172 3972 370 3982 .-.-..--.—-·-—-

234 4052 256 4102 l.
275 4048 331 4101 Non
351 4067 402 4118 quo
422 4055 566 4103 statuamus
583 4053 665 4100 totum
682 4049 863 4100 conversionis
883 4049 995 4114 spatium
1014 4048 1085 4117 quod
1099 4050 1242 4118 reliquerat
1254 4051 1312 4102 istis
1328 4051 1441 4104 clemen·

164 4119 198 4170 tia
217 4115 304 4169 divina
323 4120 549 4187 circumscriptum
568 4119 649 4170 luisse
667 4119 793 4184 temporis
815 4118 927 4169 termino
952 4134 999 4185 per
1016 4119 1086 4187 quod
1105 4134 1164 4171 arca
1184 4125 1372 4182 exstrueretur,
1395 4121 1442 4174 sed

163 4186 223 4239 finis
243 4193 313 4238 certe
333 4188 502 4256 exspectandi
520 4188 560 4240 bis
579 4188 667 4239 verbis
685 4185 856 4254 significatur.
1132 4186 1136 4203 ¹

230 4274 255 4324 2.
275 4271 311 4324 lte
329 4274 415 4326 Wette
437 4281 574 4344 postquam
587 4275 673 4326 omnia
692 4273 825 4332 refutavit,
844 4287 911 4339 quae
926 4273 1038 4340 probare
1055 4273 1219 4332 viderentur,
1239 4275 1351 4343 exempli
1370 4282 1442 4328 certe

78 4389 80 4392 ,
164 4344 245 4393 instar
274 4341 340 4394 istos
364 4342 504 4396 Noacbitas
530 4344 741 4402 commemorari,
760 4341 838 4393 rediit
860 4342 891 4393 ad
909 4343 973 4394 boc:
998 4343 1085 4404 „Aba
1107 4345 1177 4394 disse
1199 4344 1303 4395 Grande
1325 4346 1442 4398 mdclm

165 4412 243 4462 Ιιαααι
258 4418 383 4481 geniique.
416 4412 543 4466 Vielmeltr
561 4416 661 4465 solicitat
676 4415 722 4463 der
737 4412 873 4476 Versasser
887 4414 1006 4464 wirblicls
1021 4413 1062 4464 die
1077 4411 1203 4476 (Heils-)
1221 4413 1327 4480 Pmdigt
1345 4414 1443 4466 &bricti

166 4480 219 4543 aas
231 4481 274 4531 dic
287 4480 496 4548 Unqeborsomett
507 4501 538 4533 aaa
551 4483 639 4534 Noalss
650 4483 705 4534 Zeit
720 4500 752 4532 aa
770 4482 823 4532 bes
833 4482 1030 4533 cbrdnlen.“
1055 4479 1166 4530 liuther:
1186 4483 1251 4540 „der
1263 4481 1384 4534 Gadankc
1396 4485 1442 4535 der

18 4552 22 4562 '
78 4596 80 4608 ,
164 4548 283 4616 Apostels
301 4550 337 4601 ist
354 4550 415 4607 der,
435 4551 497 4601 dass
516 4551 633 4602 Christus
651 4578 736 4612 -q—
753 4553 782 4600 in
799 4551 848 4601 den
867 4551 955 4602 Hades
968 4569 1003 4617 qe
1019 4565 1103 4615 angen
1127 4551 1181 4599 aad
1204 4551 1261 4600 dori
1284 4552 1333 4601 den
1351 4553 1442 4604 Seelctt

163 4618 218 4666 der
239 4619 273 4666 in
294 4619 350 4670 cler
368 4619 538 4682 Sintflatb
561 4620 843 4686 acmyebommanen
866 4621 907 4669 ein
929 4567 1017 4687 κήρυὲ
1038 4617 1101 4680 (dea
1122 4616 1211 4683 Hella)
1235 4623 1370 4687 peccorden
1394 4625 1438 4675 κε’.

163 4683 254 4735 Hielct'
270 4702 340 4739 mvsa
356 4689 405 4739 det·
424 4688 522 4756 Eccpct
543 4687 633 4742 stelen
652 4685 749 4738 blatteo
767 4708 800 4724 -·-
817 4689 882 4736 e-.“

63 4807 214 4918 Α
293 4941 294 4945 ψ
