3210 5228
159 341 218 408 ib·
310 381 318 387 -
684 349 792 409 imru.
807 350 857 422 111,
877 351 924 409 18.

156 516 254 594 magis
269 517 381 588 teneri,
404 533 499 593 quum
513 517 544 579 in
561 518 699 594 ipsorum
712 534 803 579 nsum
818 523 850 579 et
866 519 998 578 metum
1016 517 1119 578 omnia
1132 518 1165 576 in
1179 530 1215 576 se
1235 516 1437 592 suscepisset,

157 605 227 662 ante
250 600 354 662 docuit
375 601 423 681 (ll,
446 603 483 663 21
501 601 570 682 aq).
604 602 712 680 Neque
735 623 752 664 a
771 609 879 667 nostro
901 603 968 666 loco
992 601 1121 679 exempli
1141 602 1205 662 vim
1226 602 1350 662 omnino
1365 600 1438 662 alie·

89 713 91 719 ¹
157 704 227 749 nam
260 703 333 749 esse
363 694 491 766 apparet
520 705 658 765 euerso
692 693 790 767 primo
822 691 931 769 eapitis
963 692 1079 768 quarti,
1112 689 1165 765 qui
1195 686 1317 765 quidem
1345 687 1436 748 simol

157 773 300 837 ostendet
321 773 381 835 alio
403 778 496 854 atque
518 772 588 837 ante
609 777 689 837 verti
711 777 768 838 hoc
790 778 859 839 loco
882 777 1011 854 exempli
1033 775 1262 852 obligationem.
1301 773 1436 833 Primum
1498 842 1500 847 .

159 877 234 922 varo
258 865 290 922 et
312 877 464 922 summum
486 863 518 924 iu
541 863 694 924 sententia
716 863 816 925 loeum
840 864 897 924 boc
919 879 1012 924 versu
1034 863 1157 923 omnino
1180 877 1242 921 non
1257 858 1436 936 obligationi

158 948 367 1026 cojuscunque
399 949 522 1025 generis
549 948 643 1009 tribui
672 949 780 1020 licere,
808 952 854 1011 uti
876 967 894 1010 e
916 967 996 1011 nexu
1019 965 1087 1009 cum
1111 946 1364 1008 antecedentibus
1387 962 1436 1005 ar·

158 1034 297 1095 ctissime
315 1034 380 1110 Jam
403 1031 569 1105 divinatur,
592 1036 634 1095 ita
657 1035 764 1096 vocula
786 1031 868 1108 ἅποξ
888 1052 999 1113 magna
1021 1051 1089 1096 eum
1111 1035 1142 1095 vi
1156 1031 1333 1110 praedicato
1351 1034 1436 1092 ante·

158 1120 259 1200 posita
280 1119 485 1180 confirmator.
530 1121 592 1181 llac
614 1123 743 1184 maxime
766 1124 797 1182 in
820 1113 896 1183 uoce
919 1124 1119 1199 conspicuum
1142 1118 1290 1199 estquid
1311 1120 1384 1179 novi
1404 1119 1438 1177 in

160 1207 383 1267 sententiarum
397 1222 548 1283 processu
563 1224 643 1268 nune
659 1208 697 1268 ab
709 1210 849 1286 apostolo
870 1209 1028 1269 inferatur.
1053 1204 1274 1284 Obligationem
1291 1205 1437 1282 incapite

161 1290 296 1354 secundo
311 1290 495 1370 descriptam
507 1311 587 1354 nunc
599 1296 956 1373 sequiturpraemium
974 1293 1156 1354 aChristo
1174 1293 1294 1370 primo
1311 1293 1438 1368 acqui·

160 1380 274 1440 situm
291 1395 369 1438 cum
387 1376 620 1440 Christianis
635 1398 725 1442 vcro
741 1378 1081 1442 communicandum
1097 1380 1143 1457 (ut
1159 1379 1296 1454 praemio
1314 1378 1438 1438 nomine

160 1463 361 1544 appellemur,
377 1481 456 1541 quae
478 1460 517 1525 τὰ
538 1464 680 1544 Χριστοῦ
703 1462 874 1543 παθήματα
892 1473 1055 1528 secuturae
1071 1465 1213 1528 dicontur
1230 1459 1334 1539 δόξαι).
1362 1463 1438 1522 Hinc

159 1549 304 1612 conducit
326 1567 395 1611 eom
419 1553 508 1629 sequi
529 1552 578 1611 vel
600 1554 632 1612 in
655 1558 785 1613 mortem
807 1556 921 1630 ipsam,
944 1554 1016 1622 hinc
1038 1552 1120 1612 beati
1142 1547 1337 1628 praedicandi
1354 1549 1439 1609 Chri·

160 1638 252 1699 stiani
275 1635 383 1697 mediis
405 1638 437 1696 in
458 1638 671 1699 vexationibus
694 1640 884 1700 constitutit
930 1640 969 1698 ht
996 1656 1057 1715 quo
1080 1639 1151 1714 jure
1179 1637 1256 1695 haee
1284 1637 1385 1694 omnia
1409 1638 1438 1695 in

159 1717 260 1794 ἅποξῗ
282 1722 365 1783 Satis
388 1726 479 1783 notos
502 1728 551 1784 cst
573 1727 774 1802 interpretum
798 1725 856 1786 hae
879 1726 916 1787 de
938 1741 1014 1786 voce
1037 1724 1212 1792 dissensus,
1236 1727 1340 1781 notata
1363 1736 1439 1782 vero

160 1810 261 1870 minos
285 1826 374 1886 quam
398 1807 540 1869 debuerit
566 1810 730 1871 multorum
752 1812 810 1872 hac
831 1814 863 1872 in
885 1829 920 1890 re
944 1813 1070 1872 incuria.
1111 1811 1196 1869 »Ante
1220 1810 1319 1867 ornnia
1343 1807 1440 1868 latere

162 1911 224 1956 non
247 1893 364 1966 debuit,
385 1913 448 1955 non
471 1896 601 1973 exempli
627 1899 726 1959 instar
754 1900 878 1958 omnino
906 1914 984 1975 quac
1012 1896 1154 1956 Christus
1177 1911 1289 1972 passus
1313 1901 1360 1954 est
1382 1894 1442 1954 boe

162 1981 231 2042 loco
253 1984 495 2042 commemorari.
541 1982 700 2057 Quomodo
718 1985 798 2044 enim
822 1985 1018 2045 scribendum
1040 1984 1146 2053 inerit,
1171 1983 1198 2042 si
1220 1981 1380 2058 apostolos
1397 1982 1443 2040 ni·

56 2069 58 2084 '
162 2067 204 2127 hil
228 2068 286 2129 nisi
308 2067 421 2128 Christi
440 2071 618 2145 passionem
641 2069 741 2131 denuo
765 2073 796 2130 in
820 2073 997 2132 memoriam
1020 2086 1168 2130 revocare
1184 2067 1365 2128 Christianis
1388 2084 1443 2127 uo-

163 2153 233 2227 luit,
264 2153 399 2214 ostendit
425 2155 467 2226 11,
484 2156 533 2216 212
583 2156 699 2216 Deinde
729 2174 821 2217 versu
850 2157 968 2217 decimo
996 2158 1128 2233 septimo
1156 2155 1330 2232 praemisso
1354 2154 1381 2213 si
1404 2151 1441 2212 ad

163 2238 276 2300 Christi
299 2239 470 2318 exemplum
493 2257 663 2316 provocare
685 2243 851 2314 voluisset,
875 2245 1005 2320 primum
1027 2247 1099 2319 post
1111 2235 1249 2318 Χριστός
1271 2239 1371 2299 locum
1387 2255 1445 2316 po·

162 2326 224 2386 tius
248 2324 353 2386 debuit
375 2325 489 2397 δίκαιος
517 2327 646 2400 habere,
678 2346 738 2406 quo
769 2334 854 2389 reete
884 2329 959 2389 vidit
979 2328 1023 2388 De
1045 2329 1148 2389 Wette
1171 2326 1327 2387 notionem
1350 2327 1442 2385 istius

161 2406 362 2490 ἀγαθοποιῶν
385 2412 466 2488 quod
489 2404 688 2475 antecederet
706 2416 745 2495 (u.
764 2415 816 2493 17)
839 2419 1053 2492 exaggeratam
1076 2417 1165 2474 etiam
1186 2415 1297 2474 iterum
1315 2413 1410 2488 recipi
1418 2411 1442 2472 ².

164 2496 219 2558 Vel
242 2503 326 2558 certe
349 2504 413 2557 tum
436 2498 518 2558 istud
542 2495 623 2571 ἅπαξ
645 2496 727 2561 nullo
751 2503 809 2562 alio
839 2518 932 2562 sensu
962 2500 1085 2576 adJungi
1112 2501 1212 2576 potuit
1239 2499 1299 2558 nisi
1327 2502 1444 2576 tempo·

164 2584 209 2644 ris
232 2583 440 2662 praeteribi),
471 2603 560 2662 quem
587 2603 649 2646 non
678 2587 784 2659 habet,
814 2589 862 2648 vel
891 2605 929 2648 eo
957 2604 1047 2664 qoem
1077 2603 1151 2646 sane
1178 2591 1252 2663 post
1277 2584 1445 2661 particulas

117 2694 119 2701 ·
164 2673 446 2746 argumentationis·
460 2670 547 2749 (ἐπεὶ,
571 2667 623 2732 ἐάν
646 2673 749 2752 simil.)
779 2674 893 2749 habere
916 2673 1017 2755 solet,
1032 2674 1077 2733 uti
1105 2677 1259 2732 nostrum:
1289 2676 1365 2750 „dc
1383 2676 1445 2735 eire-

162 2755 262 2836 mot,“
285 2773 376 2834 quem
399 2761 501 2817 tamen
524 2758 744 2821 alienissimum
763 2777 778 2818 a
802 2761 870 2821 loco
888 2765 996 2821 nostro
1014 2761 1196 2836 gravissimo
1211 2773 1302 2818 nemo
1318 2761 1445 2833 praeter

163 2842 379 2921 llottingerum
400 2844 605 2920 interpretum
622 2848 828 2924 proposuerit.
861 2846 969 2923 Neque
989 2846 1038 2906 illa
1056 2851 1105 2906 est
1130 2844 1290 2921 explicatio
1308 2840 1445 2914 ferenda,

165 2944 225 3005 qua
247 2925 331 2999 ἅπαξ
354 2931 469 2990 arctius
492 2947 561 2991 cum
584 2931 688 2993 verbis
714 2933 781 3013 περὶ
805 2926 965 3011 ἁμαρτιῶν
992 2935 1186 3009 conjunctum
1216 2930 1370 3007 significet
1396 2947 1447 2990 ex·

166 3016 312 3092 piationis
336 3032 415 3092 opus·
435 3022 467 3076 et
490 3018 674 3078 sacrificium
696 3035 753 3096 per
776 3018 932 3079 Christum
953 3020 996 3078 ita
1019 3035 1090 3078 esse
1113 3019 1268 3087 effectum,
1300 3019 1333 3074 ut
1364 3013 1447 3074 nulla

165 3118 298 3178 unquam
323 3100 553 3164 desideraretur
574 3105 707 3166 iteratio.
753 3104 836 3178 Quae
858 3104 952 3164 Pottii
979 3105 1169 3180 aliorumque
1192 3102 1352 3179 explicatio
1372 3118 1446 3162 sane

165 3186 330 3254 uerborum
354 3205 422 3249 cum
440 3191 655 3266 significationi
676 3196 742 3251 tum
765 3190 957 3251 collocationi
985 3191 1063 3251 bene
1086 3187 1267 3267 respondet,
1297 3186 1351 3248 sed
1376 3188 1447 3247 alie-

164 3288 234 3331 nam
256 3291 386 3350 prorsus
408 3278 591 3336 sententiam
615 3277 682 3337 loco
705 3282 814 3337 nostro
837 3277 981 3349 inculcat,
1010 3275 1040 3335 id
1070 3275 1152 3353 qnod
1179 3280 1264 3335 recte
1294 3290 1447 3351 opposue-

162 3361 238 3417 runt
258 3359 303 3418 De
323 3361 440 3432 Wette,
463 3362 593 3434 liuther,
615 3362 650 3422 al.
685 3364 780 3436 Quam
794 3364 877 3423 uero
899 3362 930 3422 hi
954 3365 1012 3439 ipsi
1035 3368 1213 3439 proponunt
1235 3362 1294 3421 loci
1317 3360 1446 3437 explica·

165 3445 279 3504 honam
302 3461 410 3521 parum
432 3453 574 3508 accurata
596 3448 727 3513 videtur.
760 3448 855 3509 Recte
873 3448 996 3526 quidem
1015 3453 1154 3510 statuunt
1169 3444 1253 3519 ἅπαξ
1267 3464 1336 3506 cum
1350 3446 1446 3519 vjerbo

166 3523 288 3589 ἔπαθε*
317 3531 359 3590 ita
389 3534 549 3610 conjungi,
578 3539 613 3594 ut
640 3551 718 3612 qnae
748 3551 843 3613 porro
867 3535 1008 3611 Christus
1039 3536 1152 3612 egerit,
1170 3533 1232 3594 'vel
1259 3550 1296 3594 ex
1317 3532 1447 3593 liutheri

168 3615 396 3692 emendatione,
426 3621 480 3697 qui
513 3619 624 3681 deinde
653 3624 752 3681 secuti
786 3624 849 3681 sint
873 3623 956 3681 vitae
990 3622 1056 3698 ejus
1087 3621 1211 3680 status⁶
1242 3623 1445 3697 opponantur.

237 3786 260 3838 1.
279 3783 354 3839 flunt
370 3792 464 3842 noxiam
481 3790 627 3844 rectissime
642 3793 776 3859 perspexit
784 3792 946 3858 Wiesinger:
966 3792 1139 3860 Bcprtinduop
1151 3792 1196 3841 der
1210 3789 1361 3842 Gedonkene
1377 3806 1402 3840 a.
1414 3791 1446 3840 17

168 3854 250 3907 durch
269 3854 469 3928 Hmorhaboop
494 3861 546 3924 cos
564 3862 614 3913 den
633 3862 733 3914 diittler
751 3863 795 3913 dee
815 3862 902 3921 Haila,
928 3863 984 3912 der
1007 3861 1067 3924 auf
1086 3861 1154 3910 dem
1178 3859 1271 3926 Wepe
1295 3859 1351 3909 des
1372 3858 1448 3909 aar·

168 3923 261 3985 ‘¹0⁸³’
280 3925 329 3977 dea
348 3945 390 3990 er,
409 3930 455 3980 der
475 3929 610 3990 Gerecbte,
629 3932 675 3994 fair
697 3930 854 3997 Unperecdte
873 3930 988 3981 erduldet
1006 3931 1065 3989 hol,
1088 3929 1232 3980 uictrices
1250 3929 1295 3992 siit·
1319 3927 1375 3978 sicit
1393 3928 1448 3979 dic

169 3988 404 4050 Herrlicbhea't
418 3999 473 4050 dee
491 3997 741 4050 Geirteslebenr
758 4017 912 4066 personuere,
929 3997 1040 4049 conderer
1054 4016 1104 4048 uns
1120 3999 1203 4049 domic
1216 3997 1274 4048 Gott
1291 3995 1449 4062 eupcdracbt

37 4140 41 4149 ,
83 4111 86 4115 ,
169 4060 229 4121 bat,
249 4078 284 4112 to
303 4063 379 4116 dass
402 4070 459 4118 mii
482 4067 543 4119 ihm
567 4068 677 4120 leedan
698 4085 800 4127 more,
824 4085 886 4118 wer
905 4084 945 4117 on
969 4068 1090 4117 reinero
1110 4065 1206 4117 Heile
1231 4064 1317 4116 theid
1337 4064 1448 4115 bobert

168 4130 267 4182 norw

238 4202 262 4251 2.
282 4197 389 4260 δίκαιος
407 4208 466 4265 „ist
483 4206 530 4256 der
547 4206 664 4258 obsolute
685 4205 787 4272 Repriff
803 4206 847 4256 der
867 4198 1077 4272 ἀγαθοποιῶν*
1097 4206 1175 4270 pii).
1247 4208 1249 4213 '

236 4270 260 4321 3.
280 4270 480 4338 „Aliquando.·‘
518 4273 553 4325 lta
573 4272 679 4327 Grotius
704 4279 730 4326 et
748 4273 859 4325 llensler
882 4273 928 4341 qui
953 4272 1021 4323 male
1046 4272 1232 4324 intellexerunt
1251 4285 1317 4337 quos
1335 4269 1450 4323 afferunt

168 4336 250 4390 locos.
280 4336 370 4405 Neque
389 4342 415 4391 in
429 4340 475 4394 Ne.
488 4340 535 4394 To.
555 4357 640 4410 neque
660 4348 784 4410 quantum
798 4342 897 4394 seimus
915 4340 983 4408 apud
996 4339 1186 4393 Alexandrinos
1201 4339 1265 4389 haec
1279 4336 1448 4404 significatio,

169 4420 246 4472 qoam
264 4422 356 4459 omncs
369 4409 511 4475 scriptores
522 4410 613 4464 Craeci
630 4416 770 4480 respuunt,
784 4412 924 4464 invenitur.
953 4410 990 4463 lie
1006 4403 1199 4476 significatione
1211 4406 1288 4458 ‘verbi
1305 4406 1337 4458 ci.
1347 4405 1449 4458 Bleeclr

169 4475 195 4525 in
214 4475 261 4543 Ep.
281 4475 313 4527 ad
332 4477 409 4528 Hebr.
429 4476 469 4528 lll.
490 4481 538 4533 179
556 4495 595 4548 sq.
620 4485 668 4535 507
687 4497 744 4549 sqq.

236 4548 261 4600 4.
281 4547 345 4608 „lm
366 4547 525 4614 Gepeeaolee
543 4552 589 4601 mit
607 4552 771 4609 emnerc'lbm'
789 4570 820 4602 en
839 4550 1005 4608 cribrandae,
1026 4546 1209 4599 richbertichen
1226 4547 1281 4596 und
1297 4547 1448 4598 detraeban—
1479 4569 1482 4574 ·

169 4613 218 4664 den
239 4614 410 4682 Thetiplreit“
429 4616 464 4678 (v.
478 4617 586 4669 19—22.
612 4618 653 4672 lV.
674 4621 748 4683 5,‹7)
768 4571 797 4672 ὕ
808 4619 847 4671 W.
960 4682 963 4689 Ι
1175 4626 1177 4630 '

236 4685 260 4734 5.
282 4682 390 4746 „Durch
409 4677 484 4739 enci
501 4686 568 4736 eor'rd
584 4689 620 4736 im
642 4685 806 4740 Vertobntss
824 4704 857 4738 aar
874 4685 1156 4759 dem.nocb[elqendcn
1177 4685 1262 4736 Ledaea
1284 4685 1381 4737 Christi
1400 4684 1448 4735 dae

48 4798 51 4805 ,
166 4748 316 4822 Einmdipe
326 4755 419 4807 ‘adnot
434 4752 546 4806 nhaidem
560 4748 801 4822 tmbpototeoe‘
819 4780 824 4787 ¹
