3210 5228
158 270 199 334 m
543 232 546 241 ’
672 271 846 340 ramur,
868 271 914 330 ta.
997 313 1004 327 ,

160 441 304 522 γιλίζιται
327 435 348 518 ἡ
370 438 513 516 βασιλεία
528 443 584 501 τού
602 441 679 501 θεοῦ
702 437 755 499 Eu.
768 437 851 507 xli.
867 441 913 504 16.
935 439 983 511 IV,
996 438 1046 502 43.
1070 438 1150 511 vili,
1167 439 1180 498 1
1200 435 1375 518 (κηρύσσων
1392 436 1444 497 καὶ

158 521 422 607 εὐαγγελιζόμενος
445 524 500 604 τὴν
522 524 682 601 βασιλείαν
706 527 762 584 τοῦ
785 526 875 595 θεοῦ)
899 525 952 585 cfr.
969 527 1035 584 net.
1047 524 1126 595 VIII,
1141 526 1193 586 12:
1218 521 1443 604 εὐαγγελιζόμε-

160 635 211 684 νος
234 610 273 673 τὰ
297 612 364 691 περὶ
387 615 443 688 τῆς
459 610 633 688 βασιλείας,
657 609 711 671 ubi
727 610 871 671 notabilis
887 616 936 672 est
951 610 1182 671 circumlocutio
1200 607 1245 670 τοὶ
1270 610 1355 690 περὶ
1377 611 1446 688 τῆς

159 698 376 774 βασιλείας,
406 697 559 775 siquidem
581 697 681 758 Lucas
705 714 768 757 non
795 703 858 757 tam
888 695 925 756 de
953 715 988 758 re
1018 697 1085 773 ipsa
1115 714 1206 774 quarn
1237 697 1274 756 de
1305 696 1444 757 doctriua

160 788 250 862 regni
272 788 348 863 agit,
373 783 403 845 id
431 784 511 861 quod
535 783 683 843 abhorret
712 800 728 841 a
750 783 899 843 Matthaei
922 799 989 845 usu.
1036 783 1111 842 Hinc
1139 784 1240 859 potuit
1265 782 1362 843 verba
1389 784 1447 843 uo·x

160 873 237 933 tioni
259 871 427 949 adjungere
456 887 554 946 paene
582 871 700 940 inania,
726 869 819 929 veluti
849 865 946 928 ildito
976 863 1083 945 αὐτοῖς
1111 869 1177 945 περὶ
1206 873 1260 946 τῆς
1287 867 1446 944 βασιλείας

160 958 214 1030 IX,
230 960 283 1032 113
307 955 399 1033 λέγειν
422 956 464 1025 Χ,
480 957 508 1017 9.
532 955 687 1028 Act.1‚3;
712 949 926 1032 διαλεγόμενος
949 948 998 1012 καί
1022 952 1143 1013 πείθων
1160 951 1198 1014 τὰ
1215 952 1282 1031 περὶ
1306 954 1362 1034 τῆς
1383 957 1444 1030 βα-

161 1041 275 1113 σιλείας
302 1045 358 1103 τού
387 1043 464 1103 θεοῦ
486 1041 570 1112 XIX,
595 1041 613 1103 8
646 1041 700 1101 cir.
722 1040 860 1111 XXVIII,
884 1040 940 1106 23,
972 1039 1083 1116 quibus
1108 1039 1202 1100 multo
1227 1043 1328 1117 aptius
1351 1057 1445 1116 pone-

162 1131 252 1193 batur
275 1126 456 1205 διαγγέλλειν
473 1122 529 1205 ιὴν
548 1126 707 1202 βασιλείαν
730 1125 783 1187 Ev.
797 1126 850 1198 IX,
863 1126 912 1189 60.
950 1125 984 1185 lu
998 1128 1084 1186 Actis
1099 1126 1312 1203 apostolorum
1334 1146 1445 1204 καταγ-

162 1215 280 1291 γέλλειν]
295 1215 326 1274 in
349 1212 440 1274 simili
463 1214 623 1273 notionum
647 1213 864 1289 conjunctIone
893 1213 1042 1290 frequens
1072 1212 1152 1272 est.¹
1197 1212 1260 1273 Nec
1287 1217 1391 1273 tamen
1413 1212 1445 1272 iu

161 1301 262 1361 Lucae
287 1300 409 1377 scriptis
437 1297 550 1360 desunt
573 1300 641 1375 ejus
665 1297 746 1358 modi
769 1297 843 1369 loci,
867 1315 885 1359 e
909 1298 1020 1374 quibus
1044 1297 1201 1375 originalis
1225 1303 1256 1359 et
1279 1298 1446 1376 singularis

107 1389 110 1396 “
163 1386 249 1449 verbi
273 1387 302 1446 in
325 1384 381 1445 No.
401 1385 455 1445 To.
479 1402 555 1446 usus
578 1385 747 1446 clarissime
761 1388 992 1461 cognoscatur.⁴
1030 1383 1178 1444 Gonieras
1202 1401 1317 1460 quaeso
1341 1383 1445 1462 impri-

163 1475 221 1533 mis
251 1474 316 1533 Act.
339 1471 394 1533 XX
429 1472 559 1549 ejusque
589 1472 715 1531 versum
744 1471 800 1546 25:
833 1468 965 1549 διῆλθον
1000 1465 1163 1547 κηρύσσων
1197 1466 1255 1549 τὴν·
1285 1467 1446 1546 βασιλείαν

164 1575 233 1622 cum
255 1559 294 1622 20
319 1562 351 1617 et
374 1557 413 1618 27
439 1553 630 1634 (ἀναγγεῖλαι
653 1549 798 1630 ύμῖνκαὶ
823 1550 946 1626 διδάξαι
975 1561 1006 1616 et
1034 1551 1209 1632 ἀναγγεῖλαι
1239 1548 1312 1633 ὑμῖν
1341 1559 1447 1616 πᾶσαν

164 1642 220 1722 την
242 1640 360 1721 βουλὴν
383 1646 438 1702 τοῦ
462 1644 565 1718 θεοῦ),
593 1641 702 1702 deinde
719 1641 856 1711 XXVIII,
870 1641 925 1703 31:
949 1632 1114 1720 κηρύσσων
1137 1637 1194 1716 τὴν
1210 1640 1370 1717 βασιλείαν
1389 1637 1448 1701 τού

164 1733 242 1790 θεοῦ
265 1727 313 1787 καὶ
338 1723 493 1788 διδάσκων
516 1724 555 1787 τὰ
579 1727 645 1806 περὶ
669 1730 725 1788 τοῦ
755 1722 997 1807 uvolae-'Inuca
1043 1726 1206 1804 Nunquam
1229 1727 1309 1805 apud
1332 1728 1448 1788 Lucam

163 1815 276 1892 legitur
298 1809 460 1892 κηρύσσειν
482 1810 522 1873 τὰ
545 1812 611 1892 περὶ
636 1817 691 1893 τῆς
712 1812 872 1889 βασιλείας
895 1813 949 1874 cfr.
974 1830 1077 1889 supra.
1113 1813 1282 1884 Ev.1x,2:
1306 1809 1447 1888 ἀπίστει-

163 1903 213 1960 λιν
236 1895 350 1970 αὐτούς
370 1893 533 1975 κηρύσσειν
557 1895 612 1977 τὴν
629 1897 790 1974 βασιλείαν
813 1902 868 1959 τοῦ
892 1901 970 1958 θεοῦ
992 1899 1045 1960 cfr.
1067 1900 1114 1968 lv,
1127 1901 1168 1960 44
1188 1904 1219 1967 et
1240 1917 1267 1960 v.
1281 1900 1330 1961 43.
1360 1899 1448 1963 Hune

163 2003 237 2055 vero
260 2002 351 2046 usum
375 1987 434 2069 nisi
461 1985 593 2051 fallimur
617 1985 774 2046 Matthaco
799 1990 959 2062 acceptum
981 1985 1086 2048 refert.
1132 1984 1229 2045 Nemo
1253 1986 1334 2046 enim
1363 1987 1447 2046 inter

88 2103 89 2106 ¹
163 2073 210 2133 Ni.
224 2072 268 2134 Ti.
293 2073 463 2148 scriptores
486 2073 678 2132 constantius
709 2077 741 2131 et
769 2072 942 2132 accuratius
970 2069 1028 2131 hac
1058 2072 1089 2130 in
1116 2089 1151 2130 re
1181 2076 1324 2146 versatur
1354 2089 1447 2149 qnam

163 2158 347 2220 Matthaeus.
376 2156 490 2218 Notum
512 2159 588 2218 satis
612 2162 661 2218 est
683 2158 807 2235 quoties
830 2156 911 2233 apud
931 2173 1001 2216 eum
1017 2160 1106 2234 regni
1123 2156 1216 2218 divini
1233 2159 1348 2219 mentio
1371 2158 1445 2233 iiat3

164 2244 420 2322 sednunquam
436 2244 478 2304 de
496 2242 758 2304 annuntiando
778 2243 835 2303 vel
853 2242 1113 2321 praedicando
1132 2245 1241 2320 regni
1256 2246 1370 2304 istius
1387 2241 1446 2304 ad·

162 2336 279 2399 ventu
298 2331 388 2406 agit,
412 2332 502 2406 quin
525 2331 593 2389 hoo
613 2328 763 2389 verbum
783 2324 1039 2406 usurpaverit.
1065 2328 1444 2404 (111,1.2efr.1v‚17.2t.

163 2416 216 2488 IX,
231 2417 280 2480 35.
303 2417 344 2488 X,
359 2418 386 2477 7.
409 2416 511 2486 XXIV,
525 2417 566 2481 ,14
582 2416 635 2476 cfr.
652 2414 745 2478 Marc.
759 2415 785 2486 l,
807 2418 854 2476 14.
871 2413 930 2489 15.)
964 2413 1073 2490 Neque
1090 2414 1149 2475 hoc
1164 2419 1213 2475 est
1229 2414 1446 2494 negligendum

164 2500 261 2579 quod,
286 2501 339 2561 uhi
360 2500 456 2560 verba
478 2500 717 2578 praedicationis
747 2503 813 2578 ipsa
843 2506 1031 2576 sequuntur,
1061 2500 1259 2561 substituitur
1285 2503 1350 2563 iere
1379 2509 1446 2563 ver·

163 2589 236 2651 bum
265 2584 371 2664 λέγειν,
397 2587 477 2663 quod
503 2605 688 2664 quamquam
711 2587 826 2663 ubique
848 2587 884 2646 nt
905 2589 936 2646 in
959 2586 1046 2646 libris
1069 2585 1228 2647 historicis
1251 2587 1297 2651 Ni.
1317 2588 1377 2658 m,
1400 2592 1445 2648 ta·

164 2692 232 2737 men
249 2673 307 2733 hoc
324 2671 414 2733 modo
435 2673 582 2740 efficitur,
599 2677 634 2733 ut
649 2673 744 2734 altera
761 2675 847 2734 notio
865 2672 938 2750 quid
953 2689 1009 2750 per
1026 2689 1060 2733 se
1076 2672 1175 2734 valeat
1190 2675 1287 2750 magis
1303 2676 1443 2735 emineat.

165 2761 254 2820 Certe
277 2762 405 2836 apparet
421 2758 492 2819 inde
515 2760 685 2820 clarissime
705 2759 777 2836 quid
796 2761 877 2819 inter
893 2757 995 2818 Lucae
1013 2765 1044 2819 et
1063 2758 1211 2819 Matthaei
1227 2777 1318 2820 usum
1338 2760 1444 2821 discri-

53 2845 55 2848 ’
164 2846 254 2914 minis
273 2844 456 2918 intercedat,
475 2863 544 2905 cum
556 2845 620 2918 ille,
634 2847 679 2906 uti
690 2844 837 2917 vidimus,
850 2861 1070 2922 nonnunquam
1088 2862 1173 2906 mero
1186 2845 1280 2905 verbo
1299 2843 1392 2922 λέγειν
1410 2847 1441 2906 in

164 2932 220 2992 bac
238 2931 469 2992 annuntiatione
488 2936 600 2993 utatur.
631 2931 748 2992 Deinde
762 2949 831 2992 cum
842 2931 1018 2992 Matthaeus
1034 2931 1133 2992 soleat
1150 2931 1231 3008 quod
1248 2931 1445 3009 praedicatur

165 3013 335 3094 ιύαγγέλιον
347 3015 506 3092 βασιλείας
523 3017 692 3094 appellare,
710 3017 895 3077 luculentius
910 3019 1001 3076 etiam
1015 3015 1228 3096 distinguitur,
1250 3019 1298 3078 cui
1315 3019 1445 3079 maxime

46 3168 48 3172 ,
164 3103 282 3163 notioni
304 3101 482 3163 adstruatur
504 3104 632 3165 verbum
656 3099 827 3179 κηρύσσειν.
862 3103 1003 3179 Regnum
1020 3102 1216 3180 praedicatur
1234 3107 1347 3182 quippe
1365 3121 1444 3191 quae

164 3190 205 3251 sit
231 3188 309 3249 laeta
338 3193 369 3249 et
397 3189 486 3249 beata
515 3189 711 3266 praedicatio.
757 3190 938 3249 Accuratius
960 3205 1055 3266 porro
1084 3189 1161 3249 hanc
1183 3189 1443 3266 praedicationem

165 3273 312 3352 distingui
339 3274 478 3336 videmus
507 3276 544 3334 ab
575 3277 769 3337 instItutione
792 3275 990 3346 scholastica,
1020 3292 1099 3352 qnae
1128 3281 1230 3336 tamen
1256 3294 1319 3336 non
1342 3278 1442 3337 minus

165 3360 322 3427 doctrinae
346 3360 537 3421 Christianae
565 3360 780 3438 propagandae
808 3358 1011 3430 inserviebat,
1042 3359 1096 3421 sed
1111 3360 1249 3435 ,diversa
1275 3363 1334 3423 luit
1361 3365 1441 3423 ratio

163 3444 312 3507 tradendi.
355 3445 454 3523 Regni
477 3447 626 3507 adventus
649 3449 860 3514 annuntiatur,
890 3448 978 3522 quasi
1000 3464 1056 3523 per
1085 3464 1269 3524 praeconem
1300 3449 1373 3523 Dei;
1394 3449 1446 3510 ,nil

164 3532 243 3592 ultra
274 3530 476 3593 desideratur.
525 3533 599 3593 Hinc
627 3532 677 3591 illa
707 3534 738 3591 iu
762 3532 874 3592 Christi
906 3541 1044 3592 munere'
1061 3531 1264 3594 describendo
1296 3534 1442 3596 solemnis

92 3647 95 3663 ·
164 3615 389 3696 quodammodo
412 3619 542 3678 formula
566 3622 703 3695 περιῆγεν
727 3611 742 3676 ὃ
763 3613 883 3694 Ἰησοῦς
901 3653 945 3662 --
966 3613 1162 3678 διδάσκων
1190 3617 1221 3688 ἐν
1250 3626 1318 3691 ταῖς
1348 3642 1443 3680 συνα-

151 3710 277 3782 ,γωγαῖς
300 3703 349 3772 καὶ
372 3701 574 3781 κηρύσσων
598 3699 632 3763 τὸ
656 3699 827 3782 εὐαγγέλιον
851 3706 906 3786 τῆς
927 3705 1087 3779 βασιλείας
1110 3706 1155 3778 lv,
1176 3707 1225 3769 23.
1250 3705 1305 3777 lx,
1325 3707 1364 3769 35
1389 3708 1443 3768 cfr.

164 3790 218 3860 XI,
239 3791 268 3862 l,
291 3789 358 3862 uhi,
391 3807 452 3866 quo
476 3791 571 3865 magis
600 3789 836 3866 praedicationis
866 3807 963 3866 genus
986 3790 1032 3852 Ni.
1053 3791 1096 3850 Ti.
1119 3796 1277 3870 proprium
1300 3794 1442 3863 emineat,

163 3875 267 3936 verbis
290 3875 566 3936 Alexandrinorum
589 3873 713 3935 καλέσαι
736 3871 875 3935 ἐνιαυτὸν
897 3874 1003 3955 κυρίου
1025 3877 1223 3939 substituitur
1246 3878 1328 3955 quod
1351 3878 1442 3958 modo

165 3964 334 4022 antecessit
363 3956 537 4039 κηρύξαι.
581 3961 767 4035 Quibuscum
797 3957 896 4023 denuo
923 3980 1098 4040 compares,
1129 3982 1260 4041 quaeso,
1290 3968 1343 4042 qui
1371 3959 1443 4026 con·

167 4045 291 4106 cludunt
307 4054 397 4124 caput
411 4065 523 4109 versus
539 4049 579 4111 43
597 4052 628 4107 et
642 4051 690 4109 44.
727 4048 825 4121 illins,
850 4048 931 4124 quod
954 4050 1104 4126 propheta
1122 4053 1304 4112 vaticinatus
1326 4056 1375 4111 est
1397 4051 1443 4110 iu-

166 4138 282 4202 turum,
306 4134 449 4195 instantis
461 4136 526 4211 jam
541 4136 689 4210 temporis
706 4136 833 4212 gratiosi
853 4135 942 4211 quasi
964 4152 1076 4210 praeco
1100 4138 1157 4198 luit
1173 4137 1323 4201 Christus
1357 4137 1444 4198 Solet

167 4223 268 4279 autem
290 4219 321 4276 in
345 4222 485 4281 omnihus
507 4220 566 4279 illis
590 4220 665 4280 locis
688 4215 850 4299 κηρύσσειν
869 4220 911 4278 ita
929 4221 1098 4304 subjungi,
1111 4229 1144 4284 ut
1167 4223 1301 4298 generali
1321 4225 1441 4285 notioni

168 4304 373 4368 substituatur
394 4308 559 4384 singularis
583 4311 614 4368 et
637 4308 707 4367 novi
729 4306 906 4367 testamenti
928 4309 1062 4384 propria.

174 4450 372 4460 ----—-—·-·—-

236 4530 257 4580 1.
280 4518 336 4610 Ίῆγ
352 4519 509 4605 βνάστασιν
526 4529 582 4580 Act.
597 4527 638 4589 lll,
653 4530 678 4580 2.
706 4520 754 4578 τὸν
771 4480 855 4612 λύγον
871 4527 940 4589 XIII,
957 4532 980 4581 5.
1000 4526 1080 4586 IlVll,
1098 4528 1137 4579 13.
1151 4523 1272 4608 υἄφεσιν
1293 4521 1438 4599 ἁμαρτιῶν

165 4594 287 4659 illitos.
315 4592 381 4646 οδαν
398 4594 533 4661 σωτηρίας
549 4596 616 4655 XVI,
635 4601 673 4649 17.
702 4594 828 4665 Χριστον
845 4596 1023 4657 rilliaco.
1043 4596 1082 4647 23.
1113 4610 1185 4662 φως
1202 4595 1349 4659 xxviro
1387 4597 1436 4650 cn.

169 4666 181 4716 1
195 4663 251 4716 Cor.
265 4659 299 4726 lt,
310 4669 332 4717 t.
352 4662 398 4725 IX,
409 4665 449 4716 14.
468 4662 499 4713 XI
509 4702 514 4724 ‚
525 4665 564 4717 26.
586 4664 651 4726 Phil.
663 4664 685 4726 I,
697 4668 737 4718 17.
749 4667 788 4719 18.
808 4665 860 4716 Col.
872 4665 947 4726 l,28.
