3210 5228
200 284 241 346 64
504 358 510 371 .
564 287 734 348 Tramnoms
752 304 804 343 cun
821 304 939 343 nocuere
956 302 1110 343 contrusus.

196 453 248 515 illa
277 456 472 530 gravissima:
503 451 554 519 dm
574 452 775 532 ἀπεξεδέχετο
808 447 826 532 ἦ
855 455 910 514 τοῦ
940 454 1017 513 θεοῦ
1045 450 1250 532 μακροθυμία
1279 454 1349 531 (cfr.
1375 470 1470 532 supra

198 556 227 618 p.
245 539 285 602 28
302 542 384 618 sqq.)
412 543 505 604 veluti
527 543 747 604 commentario
776 540 966 600 illustrantur
993 539 1040 599 bis
1063 539 1199 599 llenochi
1221 538 1325 600 verbis
1350 537 1427 614 (tx,
1450 543 1469 602 5

197 625 236 687 ed
258 626 356 686 Dillm.
375 647 403 704 p.
418 629 486 697 tot:
510 634 607 710 „Bis
628 633 736 691 beuta
758 650 822 691 ννον
844 633 899 691 der
918 630 979 705 Τοη
1000 632 1099 690 σαῖνον
1116 630 1470 708 Barmberziplcet't,

197 717 240 777 da
259 716 506 796 erbarmlrerth
528 721 591 779 υπιί
613 720 624 777 l
631 736 675 778 υιι
683 718 824 794 ρννίίίίιί
832 736 853 793 ρ
874 734 938 775 mar
959 735 1053 792 ηομνπ
1072 717 1136 787 die,
1161 717 1210 775 die
1228 717 1285 777 den
1304 715 1468 778 Erdboden

199 798 393 864 bewobnen.“
415 800 488 879 (dtr.
512 801 618 871 xossl,
642 801 683 869 3.)

284 883 343 945 Tot
372 891 403 947 et
428 889 522 947 tantis
550 887 734 946 testimoniis
763 902 823 945 uno
848 888 935 961 quasi
961 901 1015 943 ore
1043 883 1079 943 de
1109 886 1208 959 gentis
1231 884 1312 942 illius
1343 888 1472 961 propter

197 971 328 1031 immane
351 973 465 1032 crimen
483 973 595 1032 diluvio
614 972 731 1032 deletae
751 973 946 1047 aeternisque
971 968 1099 1029 vinculis
1125 968 1253 1029 traditae
1273 967 1469 1030 damnatione

199 1057 479 1129 consentientibus,
504 1064 605 1119 tamen
628 1060 733 1118 nescio
757 1074 818 1134 quo
836 1059 908 1133 jure
931 1060 1116 1133 interpretes
1139 1060 1373 1133 proptcrunum
1397 1055 1470 1117 illud

199 1136 361 1220 κηρύσσειν
384 1144 510 1204 verbum
535 1147 629 1204 invito
652 1143 710 1203 loci
728 1148 872 1203 contextu
896 1144 989 1202 invita
1012 1142 1136 1201 alterius
1160 1141 1307 1217 epistolae
1330 1141 1471 1202 doctrina

198 1230 384 1289 contrariam
406 1232 637 1292 inculcaverunt
658 1231 850 1290 sententiam.
893 1229 930 1287 Et
945 1229 1030 1288 verbi
1045 1225 1166 1305 quidem
1189 1222 1351 1307 κηρύσσειν
1366 1229 1397 1287 in
1413 1227 1470 1289 No.

198 1314 253 1376 Το.
271 1315 377 1388 usus,¹
402 1334 493 1394 quem
516 1334 607 1394 supra
631 1315 851 1376 illustravimus
872 1317 912 1391 (p.
932 1315 968 1376 31
989 1314 1080 1391 —3b)
1105 1331 1195 1390 quum
1220 1330 1327 1391 perse
1345 1317 1473 1392 egregie

199 1401 230 1460 in
258 1405 397 1461 nostrum
428 1403 525 1463 locum
554 1404 730 1473 conveniat,
760 1406 824 1461 tum
851 1400 998 1476 singulari
1021 1402 1153 1460 tortasse
1178 1417 1270 1460 eausa
1299 1406 1469 1461 commotus

200 1487 358 1563 apostolus
380 1486 409 1547 id
433 1489 561 1550 verbum
585 1492 614 1549 in
639 1489 820 1549 sententiam
844 1492 931 1546 suam
954 1485 1111 1545 adhibuit:
1134 1485 1263 1549 Videtur
1284 1489 1365 1546 enim
1383 1485 1469 1547 dhri-

198 1577 265 1633 stus
288 1574 358 1633 buic
381 1577 462 1650 genti
486 1580 632 1652 tanquam
659 1574 737 1634 alter
764 1572 907 1634 Noachus
934 1572 1076 1649 idemque
1105 1589 1243 1632 summus
1273 1565 1470 1650 δικαιοσύνης

200 1652 295 1735 κῆρυξ
316 1663 496 1736 apparuisse
520 1661 699 1738 supplicium
716 1676 841 1720 sumens
865 1659 904 1717 ob
919 1662 1107 1718 contemtum
1131 1657 1251 1718 divinae
1269 1656 1469 1734 benignitatis

198 1761 255 1821 per
276 1743 432 1805 Noachum
454 1746 536 1806 illum
556 1746 759 1825 praedicatae.
800 1743 902 1805 Potuit
925 1745 993 1803 fieri
1021 1748 1054 1803 ut
1075 1742 1219 1804 Noacbus
1248 1743 1299 1804 illo
1328 1748 1469 1821 tempore

198 1826 268 1890 κατ’
293 1825 401 1910 ἓξοχήν
423 1829 518 1912 κήρυξ
539 1835 616 1892 θεοῦ
639 1832 686 1892 vel
717 1824 912 1907 δικαιοσύνης
939 1829 1083 1907 illiusque
1111 1828 1298 1906 praedicatio
1326 1823 1468 1910 κη’ρυγμα

199 1915 438 1994 appellaretur.²
1185 1936 1187 1945 ⁴
1468 1974 1471 1981 .
1493 1991 1502 1998 ,

283 2003 367 2063 Haud
392 2021 465 2064 sane
486 2022 546 2064 nos
567 2005 644 2081 fugit
672 2008 794 2064 veteres
823 2002 971 2063 ecclesiae
999 2001 1193 2062 Lutberanae
1223 2000 1367 2063 doctores
1397 2003 1469 2066 huic

199 2087 236 2149 de
260 2089 376 2166 angelis
399 2108 465 2150 cum
490 2090 662 2151 hominibus
692 2090 794 2149 mixtis
823 2091 957 2166 opinioni
986 2087 1072 2148 valde
1101 2087 1274 2153 oblactatos
1297 2104 1383 2162 esse3
1411 2087 1468 2150 sed

162 2192 165 2202 ·
200 2173 374 2234 obluctatur
385 2178 461 2253 ipsis
478 2176 576 2236 dudae
593 2177 679 2236 locus
696 2175 964 2236 luculentissimus.
995 2173 1050 2234 (lui
1067 2176 1185 2235 auctori
1197 2191 1291 2251 quum
1306 2173 1398 2235 fidem
1414 2173 1466 2236 de-

198 2278 311 2339 negare
345 2267 376 2321 et
403 2265 615 2322 auctoritatem
643 2263 727 2322 netas
756 2263 810 2331 sit,
845 2278 907 2320 nou
935 2259 1039 2320 licebit
1065 2260 1196 2338 posthac
1224 2259 1261 2320 de
1289 2259 1467 2338 recipiendo

198 2347 256 2407 boc
283 2345 425 2424 dogmate
453 2350 484 2406 in
513 2348 701 2424 reliquorum
728 2348 809 2407 serie
832 2346 1071 2424 disciplinaeque
1095 2346 1285 2423 dogmaticae
1308 2346 1468 2424 complexu

198 2432 370 2492 dubitare.³
404 2433 467 2508 Qua
492 2436 521 2493 in
544 2451 578 2493 re
602 2433 707 2493 eadem
731 2432 923 2493 observanda
940 2434 999 2493 erit
1017 2430 1200 2493 verecundia
1218 2436 1248 2492 et
1264 2434 1391 2493 castitas
1407 2449 1468 2510 qua

199 2520 368 2596 scriptores
392 2536 497 2579 sacros
523 2519 748 2595 nonnullosque
770 2520 998 2580 ecclesiasticos
1021 2518 1144 2578 differre
1171 2517 1310 2579 videmus
1339 2536 1467 2596 aspor-

198 2605 320 2665 cissima
343 2608 389 2666 rei
412 2603 631 2666 describendae
654 2608 774 2665 ratione
798 2622 876 2682 quae
898 2607 928 2665 in
952 2605 1137 2683 apocryphis
1155 2604 1308 2665 nonnullis
1328 2607 1470 2666 maxime·

199 2704 259 2767 que
283 2692 313 2750 in
336 2691 472 2752 llenochi
495 2692 573 2752 libro
603 2691 727 2752 obtinet.
767 2688 953 2768 Ququuam
983 2692 1059 2751 alios
1087 2691 1190 2768 paullo
1213 2693 1345 2751 castiore
1377 2690 1468 2751 modo

197 2793 262 2836 rem
285 2779 393 2837 animis
419 2778 601 2838 informasse
620 2777 802 2837 documento
813 2780 876 2854 jam
894 2782 943 2837 est
964 2777 1049 2838 locus
1066 2778 1115 2838 ille
1141 2795 1178 2836 ex
1193 2778 1397 2837 Testamentis
1413 2777 1469 2838 Xll

197 2864 439 2946 patriarcharum
464 2863 673 2924 nobilissimus
696 2863 805 2923 Ruben
826 2881 851 2922 c.
865 2864 923 2927 ΙΙΙ

283 2948 398 3022 Quodsi
422 2949 458 3008 ad
481 2949 616 3010 llenochi
638 2950 749 3010 librum
771 2953 1004 3026 provocavimus
1027 2953 1057 3010 in
1081 2948 1257 3026 explicando
1281 2949 1364 3009 Petri
1388 2949 1466 3022 loco,

197 3034 270 3096 nibil
293 3037 431 3112 prolecto
448 3038 612 3096 commovit
631 3037 689 3095 nisi
715 3053 750 3095 ea
775 3053 853 3111 quae
876 3040 979 3112 negari
1002 3037 1109 3112 nequit
1128 3034 1316 3095 similitudo⁶
1339 3037 1369 3094 in
1393 3053 1468 3096 uon-

197 3119 287 3183 nullis
317 3122 392 3181 locis
421 3121 565 3197 singulis,
597 3123 726 3182 maxime
748 3126 850 3181 autem
879 3123 982 3182 inille
1006 3122 1043 3182 de
1066 3138 1190 3181 carcere
1212 3121 1333 3180 interno
1357 3121 1469 3182 doctri-

264 3308 287 3358 Ι.
306 3306 345 3356 Ad
369 3288 443 3360 locos
471 3324 548 3375 supra
576 3312 794 3359 commemoratos
823 3306 888 3358 adde
913 3307 1020 3360 Zachar.
1044 3307 1089 3367 tx,
1112 3311 1141 3360 9:
1168 3301 1318 3379 κήρυσσε
1340 3302 1465 3378 θύγατερ

192 3369 371 3446 Ἰερουσαλήμ
390 3372 452 3429 ἰδοὺ
467 3372 648 3444 ὁβασιλυύς
665 3372 807 3445 ἔρχεταί
825 3393 882 3440 σοι,
902 3382 927 3429 et
943 3376 1068 3443 Sophonj.
1083 3374 1129 3438 ΙΙΙ,
1145 3380 1183 3430 tt.
1200 3380 1245 3439 15,
1264 3377 1359 3443 quibos
1377 3378 1466 3444 singu·

195 3444 257 3494 laris
276 3444 319 3495 ille
338 3447 376 3497 Ni.
396 3445 435 3497 Ti.
456 3462 519 3499 usus
538 3448 644 3513 egregie
664 3444 839 3497 confirmatur.
1143 3480 1146 3487 ·

263 3533 288 3582 2.
308 3529 381 3583 Solet
401 3530 505 3598 quidem
528 3532 649 3584 Noachus
667 3533 704 3583 uti
724 3531 864 3583 llenochus
881 3532 1047 3598 propheta
1065 3531 1190 3597 appellari
1210 3531 1313 3597 (Philo,
1334 3531 1398 3593 Quis
1417 3547 1468 3584 rer.

197 3596 247 3649 div.
267 3599 320 3650 ber.
341 3616 365 3665 p.
382 3603 431 3653 510
450 3599 490 3653 ed.
507 3600 623 3666 Mang.);
642 3600 688 3651 sed
708 3601 828 3651 conseras
847 3593 995 3671 ,,ιιὴρυγμα
1014 3597 1101 3677 Νῶοξ*
1120 3597 1183 3651 illud
1204 3602 1229 3651 in
1253 3599 1388 3667 Sibyllinis
1409 3616 1466 3652 ora-

105 3695 108 3709 ·
196 3668 262 3720 culis
281 3669 324 3720 lib.
344 3671 351 3719 Ι
372 3668 439 3735 apud
458 3669 604 3721 Fabricium
627 3669 688 3721 Cod.
712 3668 881 3736 Pseudepigr.
904 3670 913 3720 l
931 3686 955 3735 p.
968 3672 1024 3722 230.

262 3756 289 3807 3.
307 3753 428 3807 Twcsten
449 3756 603 3821 (ΙΙοηιιιοίίίι
621 3758 664 3818 ΙΙ,
684 3759 696 3808 1
716 3773 741 3822 p.
757 3758 820 3818 332)
839 3757 948 3821 agnovit
966 3755 1157 3821 quodammodo
1182 3746 1248 3806 banc
1268 3758 1462 3809 necessitatem.

196 3823 307 3883 t„Unter
323 3827 447 3891 ηοιοίσιαι
472 3824 710 3891 Ιίοναιιιῑιοιοιινηιπ
728 3826 799 3877 nicbt
816 3826 1004 3881 aadenlrbar.“l
1029 3825 1189 3876 Hofrnaunus
1207 3824 1375 3890 Erlangensis
1392 3827 1463 3892 prin·

197 3906 260 3959 ceps
279 3890 395 3959 dogmati
414 3898 513 3945 certum
533 3894 557 3943 in
578 3892 694 3944 doctrina
715 3893 858 3945 Christiana
877 3894 967 3967 locum
984 3893 1126 3946 vindicavit
1145 3894 1176 3958 (Ι,
1194 3893 1237 3954 ΙΙ.

263 3980 288 4030 4.
316 3972 440 4046 Φούγετε
462 3965 511 4030 οἶν
535 3973 586 4045 τὴν
610 3980 759 4049 πορνείαν,
783 3977 867 4030 τέκνα
889 3997 956 4049 μου,
980 3978 1027 4030 καὶ
1048 3973 1235 4048 προςτοίσσετο
1255 3983 1316 4037 ταῖς
1337 3973 1468 4046 γυναιξίν
1563 3984 1566 3996 “

194 4041 212 4097 r‘r
240 4044 253 4058 ⁴
296 4045 343 4098 καὶ
363 4051 424 4105 ταῖς
441 4046 618 4117 θυγατράσιν
637 4045 683 4099 ίνα
700 4042 737 4120 μὴ
751 4049 908 4117 κοσμῶνται
926 4042 975 4105 τὰς
991 4042 1117 4117 κεφαλάς
1137 4077 1171 4086 -
1188 4079 1222 4086 -
1240 4077 1281 4098 -.
1320 4046 1393 4098 otro
1410 4042 1467 4118 γὰρ

195 4061 272 4167 tw
278 4131 313 4166 αν
329 4110 392 4172 τοὺς
402 4111 588 4187 Ἐηρηγύροος
602 4111 657 4185 πρὸ
673 4118 721 4168 τοῦ
736 4116 941 4187 κατακλυσμοῦ·
960 4111 1085 4168 κάκεῖνοι
1105 4118 1229 4186 συνεχῶς,
1238 4112 1356 4187 δρῶντες
1371 4111 1464 4178 αὐτάς,

196 4176 362 4254 ἐγένοντο
383 4179 419 4236 ἐν
443 4178 612 4258 ἐπιθυμίη
635 4180 787 4254 ἀλλήλων
804 4184 851 4235 καί
870 4182 1019 4252 συνέλαβον
1042 4185 1075 4258 τῇ
1093 4184 1204 4255 διανοίη
1224 4180 1275 4253 την
1297 4178 1399 4268 πρᾶξιν
1416 4182 1465 4236 καί

194 4253 461 4324 μετοσχηματίζοντο
485 4251 526 4312 εἰς
549 4250 714 4325 ἀνθρώπους
734 4253 791 4306 καί
815 4246 851 4306 ἐν
875 4254 913 4326 τῇ
938 4255 1108 4324 συνουσίᾳ
1133 4255 1200 4306 τῶν
1223 4249 1362 4323 ἄνδρων
1387 4269 1466 4305 συν-

194 4322 389 4407 σραίνοντο
414 4320 554 4388 αὐταῖς,
579 4321 707 4377 κάκεῖναι
735 4315 922 4394 ἐπιθυμοῦσαν
944 4323 982 4396 τῇ
1006 4321 1149 4392 διανοίη
1176 4317 1236 4379 τὰς
1264 4322 1466 4406 φαντασίας

195 4391 285 4443 αυτῶν
303 4385 399 4442 ἔτεκον
435 4393 564 4461 ίγαντας·
584 4387 733 4464 ἐφαίνοντο
751 4388 806 4462 γὰρ
824 4388 919 4449 αὐτοῖς
933 4386 1019 4463 Ἐρρή
1040 4409 1100 4464 οροι
1118 4387 1169 4448 ἕως
1186 4391 1233 4443 τοῦ
1251 4391 1368 4460 ουρανοῦ
1387 4386 1465 4460 pod-

196 4475 298 4517 νοντος.
335 4460 387 4523 Cir.¹
406 4411 489 4514 (syram
507 4461 677 4532 spicilegium
696 4480 721 4530 p.
733 4465 790 4516 150.
819 4462 952 4514 Fabricius
971 4411 1058 4515 Οούύκ
1076 4459 1246 4527 Pseudepigr.
1266 4460 1274 4512 Ι
1293 4476 1318 4528 ρ.
1330 4463 1387 4514 too.

265 4549 288 4598 5.
308 4545 432 4599 Conleras
456 4549 566 4601 maxime
593 4565 659 4617 quae
684 4549 773 4617 cap.V
793 4554 818 4601 et
842 4548 916 4599 GVlll
941 4547 973 4599 ad
996 4546 1075 4599 linem
1097 4546 1177 4597 totius
1201 4546 1260 4597 libri
1286 4544 1463 4598 deliniendum

147 4610 150 4615 ’
192 4610 352 4734 delldiversa
368 4617 472 4684 piorum
493 4622 520 4670 et
541 4619 680 4686 impiorum
704 4624 775 4671 sorte
790 4619 816 4669 in
836 4618 940 4669 illorum
959 4618 1080 4669 solatium
1098 4615 1195 4681 scripta
1211 4618 1272 4669 sunt
1291 4614 1403 4668 Petrinis
1428 4617 1463 4668 si·

195 4696 313 4736 mirina.
1227 4715 1230 4719 .
1356 4714 1359 4718 .
1414 4692 1422 4705 ν
