3210 5228
797 823 861 896 IV.

560 1004 903 1100 houhlhltl
943 1004 1108 1100 Plus,

285 1253 400 1329 llogma
431 1249 467 1310 de
498 1250 611 1310 Christi
639 1267 707 1324 cunr
734 1250 840 1309 inieris
869 1252 1051 1310 commercio
1080 1269 1173 1327 quum
1201 1252 1239 1311 iis
1267 1268 1344 1328 quae
1372 1250 1473 1314 adhuc

200 1340 278 1401 dicta
302 1341 374 1398 sunt
395 1337 491 1413 priori
513 1337 554 1396 illi
576 1335 718 1396 Petrinae
741 1336 889 1412 epistolae
912 1336 980 1396 loco
1003 1337 1093 1413 eique
1113 1336 1170 1396 soli
1187 1335 1360 1397 vindicasse
1382 1340 1473 1399 nobis
1524 1378 1537 1414 0

201 1424 364 1495 videamur,
382 1427 479 1482 restat
494 1423 634 1499 quaestio
651 1440 666 1480 a
690 1422 852 1482 verborum
876 1421 998 1498 quidem
1017 1422 1270 1499 interpretatione
1291 1423 1404 1495 aliena,
1421 1441 1473 1486 ve-

198 1529 267 1572 rum
286 1510 465 1588 gravissima
488 1507 524 1566 ad
547 1507 631 1567 Petri
654 1506 691 1567 de
715 1506 866 1567 descensu
889 1507 1000 1567 Christi
1017 1509 1199 1568 sententiam
1223 1510 1303 1568 omni
1327 1527 1365 1581 err
1384 1514 1473 1586 parte

200 1593 424 1673 intelligendam
439 1600 470 1653 ot
485 1592 703 1653 illustrandam.
731 1594 894 1666 Quaeritur
912 1593 983 1670 quid
999 1594 1057 1653 sibi
1070 1594 1143 1653 velit
1159 1593 1225 1653 ille
1243 1595 1387 1654 Christi
1411 1595 1473 1656 de·

200 1699 358 1744 scensus
375 1680 416 1739 ad
433 1682 629 1756 antiquum
645 1678 911 1739 Noachitarurn
928 1697 1044 1755 genus
1064 1680 1380 1755 restringendus3
1402 1699 1472 1742 narn
1587 1697 1591 1712 ·

199 1766 237 1828 ad
259 1768 335 1828 alios
358 1784 427 1826 euru
449 1766 638 1842 pertinuisse
662 1783 700 1825 ne
720 1764 882 1841 vestigium
897 1764 1020 1842 quidem
1042 1767 1073 1825 in
1088 1767 1145 1825 hoc
1162 1767 1259 1826 aliove
1275 1765 1322 1828 Ni.
1339 1767 1384 1825 Ti.
1404 1767 1473 1841 loco

133 1920 136 1927 ,
198 1854 362 1931 reperitur.
400 1851 506 1929 Neque
530 1850 692 1928 expeditur
714 1850 854 1929 quaestio
877 1851 952 1911 haee
975 1851 1150 1911 difficillima
1173 1853 1214 1911 ita
1238 1857 1272 1911 ut
1299 1856 1472 1914 statuamus

199 1942 328 2018 propter
339 1938 397 1998 loci
409 1939 558 1997 rationem
572 1937 803 1997 commemorari
816 1936 961 1997 duntaxat
972 1937 1044 1997 illud
1057 1937 1221 1998 infidelium
1233 1954 1330 2013 genus
1344 1938 1473 2016 reliquis

201 2026 322 2086 silentio
340 2025 570 2100 praetermissis
589 2025 638 2101 (el.
655 2041 748 2099 supra
762 2039 791 2098 p.
806 2023 844 2083 27
859 2025 958 2100 sqq.);
977 2025 1068 2083 inuno
1091 2024 1184 2084 verba
1200 2024 1330 2100 apostoli
1345 2031 1472 2100 cogunt,

200 2115 234 2172 ut
257 2110 294 2170 ad
317 2111 374 2170 hos
398 2110 482 2170 solos
505 2111 536 2168 in
559 2109 706 2184 singulari
728 2110 862 2168 carceris
886 2114 968 2168 statu
996 2115 1134 2170 retentos
1163 2109 1318 2169 Christum
1346 2109 1473 2172 deseen-

191 2196 283 2265 disse
299 2197 477 2274 cogitemus.
514 2194 573 2255 Sed
591 2211 666 2255 sane
681 2196 777 2253 totius
795 2193 853 2253 loci
876 2195 1091 2271 interpretatio
1108 2213 1179 2255 num
1196 2200 1280 2256 recta
1297 2197 1337 2255 sit
1353 2195 1473 2258 summo

199 2300 267 2344 cum
285 2283 357 2359 jure
380 2281 563 2358 ambigetur,
589 2279 687 2340 donec
707 2278 869 2356 probatum
893 2281 953 2339 erit
975 2280 1087 2341 Christi
1105 2280 1141 2339 ad
1156 2298 1252 2356 genus
1270 2280 1342 2341 illud
1357 2280 1472 2344 diluvio

198 2373 390 2447 peremptum
414 2365 647 2426 descensionem
668 2383 725 2442 per
747 2382 781 2424 se
805 2369 972 2440 spectatam
995 2367 1108 2426 habere
1130 2367 1246 2443 justam
1270 2368 1301 2425 in
1320 2367 1472 2443 dogmatis
1518 2384 1523 2397 ⁴

199 2454 380 2514 Christianis
403 2453 562 2511 rationem.
648 2526 651 2532 Ι

287 2538 331 2598 ad
355 2536 531 2598 solvendam
554 2538 632 2598 hanc
655 2537 868 2614 quaestionem
890 2536 970 2596 haud
992 2555 1100 2614 parum
1131 2537 1281 2599 conducet
1309 2539 1470 2617 ablegasse

199 2629 329 2707 primum
352 2623 388 2682 ad
411 2625 683 2700 comparationem,
707 2640 784 2700 quae
803 2626 835 2682 ut
857 2625 887 2682 in
904 2623 971 2683 aliis
990 2623 1036 2683 Ni.
1054 2624 1099 2683 Ti.
1124 2625 1200 2685 locis
1229 2626 1266 2685 ab
1283 2624 1364 2695 aliis,
1388 2625 1433 2686 sie
1453 2643 1471 2685 a

201 2712 293 2773 Petro
318 2713 347 2770 in
372 2710 468 2769 altera
492 2709 620 2785 epistola
643 2711 783 2770 instituta
807 2713 856 2768 est
877 2709 958 2770 iuter
977 2709 1080 2771 diluvii
1103 2715 1134 2770 et
1156 2712 1284 2770 extremi
1302 2710 1410 2786 judicil
1425 2728 1474 2771 ra-

200 2800 314 2859 tionem
339 2801 369 2857 et
393 2797 532 2855 aetatem.
567 2795 769 2872 Opponuntnr
783 2793 825 2854 ibi
847 2793 913 2871 (ΙΙΙ,
932 2797 959 2858 6.
979 2797 1009 2870 7)
1033 2797 1176 2874 antiquus
1200 2796 1250 2856 ille
1274 2798 1306 2856 e't
1322 2798 1375 2874 qui
1393 2815 1474 2858 nunc

201 2889 249 2946 est
271 2880 402 2944 mundus
425 2887 568 2958 tanquam
591 2896 721 2958 prorsus
743 2880 870 2952 diversi,
900 2881 978 2941 alter
997 2882 1213 2958 pessumdatus
1234 2900 1329 2959 aquae
1354 2884 1397 2954 vi,
1428 2885 1473 2943 in-

203 2969 311 3032 cendio
340 2967 487 3028 delendus
519 2967 629 3037 alter,l
660 2985 701 3026 ex*
730 2984 790 3043 quo
822 2966 909 3026 facile
938 2967 1118 3039 concludas,
1152 2969 1224 3027 item
1254 2967 1408 3028 diversam
1443 2970 1474 3029 in

203 3056 330 3118 alterius
350 3055 449 3114 utrius
472 3052 576 3113 mundi
600 3053 682 3112 cives
698 3052 837 3112 obtinere
849 3051 959 3129 judieii
980 3056 1137 3113 rationem.
1154 3071 1156 3075 ’
1172 3053 1352 3114 Absolutum
1372 3055 1475 3114 conle-

203 3147 346 3220 ctumque
366 3138 488 3200 videtur
509 3138 582 3197 illnd
606 3138 642 3198 de
667 3135 793 3214 antiquo
815 3137 891 3198 orbe
908 3138 1065 3215 judicium.
1118 3139 1175 3212 Qui
1199 3140 1412 3216 perieruntin
1431 3138 1475 3200 di·

203 3229 284 3289 luvio
313 3226 425 3287 nullam
454 3225 646 3302 reliquerunt
671 3225 851 3301 progeniem
880 3226 928 3283 sni
959 3225 1103 3298 similem3
1131 3228 1300 3303 exstirpata
1327 3225 1474 3288 radicitus

204 3315 286 3375 omni
308 3313 358 3373 illa
380 3309 500 3388 perdita
523 3316 613 3411 gente
635 3327 749 3371 novum
771 3310 861 3387 quasi
882 3327 985 3370 rerum
1008 3311 1189 3388 principium
1212 3314 1412 3372 constituitur
1433 3312 1474 3373 al-

203 3405 313 3477 terque
336 3396 484 3467 edamus,
507 3399 578 3457 novi
600 3397 723 3495 generis
746 3399 854 3456 auctor
876 3397 992 3456 exstitit
1006 3396 1158 3456 Noachus
1195 3397 1352 3499 Quotquot
1371 3417 1410 3458 au
1412 3403 1475 3459 tem

204 3500 377 3564 exgenere
406 3483 530 3559 antiquo
560 3483 696 3558 pernicie
723 3482 848 3542 fuerunt
877 3465 1017 3556 obnoxii‘,
1047 3484 1174 3544 vinculis
1203 3486 1335 3544 carceris
1362 3485 1474 3545 inferni

206 3576 351 3633 tenentur
374 3568 425 3647 (ll,
440 3567 510 3630 59.
537 3567 619 3643 lEp
632 3567 685 3639 ΙΙΙ,
701 3568 759 3644 19)

290 3658 402 3717 Contra
431 3653 511 3730 quod
539 3653 728 3714 ludaeorum
758 3671 833 3730 gens
856 3671 949 3730 passa
977 3655 1086 3714 estin
1113 3654 1397 3733 Hierosolymorum
1424 3674 1474 3716 ex-

205 3745 390 3823 pugnatione
408 3739 571 3817 judieium,
596 3739 625 3800 id
648 3739 728 3817 quod
753 3740 876 3816 saepius
899 3740 991 3799 etiam
1014 3746 1207 3817 comparatur
1235 3759 1303 3801 eum
1320 3748 1473 3821 extremo,
1530 3807 1535 3818 ,

205 3832 455 3892 continuatur
484 3827 656 3886 etiamnunc
686 3827 717 3884 in
746 3824 804 3885 hoc
834 3825 955 3886 mundo.
1003 3826 1086 3901 Quae
1114 3829 1194 3887 enim
1223 3835 1366 3905 superest
1393 3826 1473 3890 illius

206 3918 307 3995 gentis
334 3915 498 3992 progenies
528 3912 674 3971 obstricta
703 3917 826 3971 tenetur
854 3912 1003 3988 supplicio
1027 3912 1127 3973 divino
1156 3919 1248 3990 atque
1272 3933 1308 3975 ex
1338 3913 1474 3990 ejusdem

201 4003 309 4082 judicii
334 3999 555 4076 Hierosolymis
580 3998 651 4058 olim
672 3999 801 4057 immissi
825 4000 976 4057 sententia
992 3998 1103 4059 tradita
1119 4006 1168 4059 est
1186 3999 1367 4077 quibusdam
1385 4003 1474 4077 quasi

205 4089 334 4151 vinculis
357 4085 567 4145 obdurationis
591 4082 735 4145 divinitus
754 4084 916 4160 injunctae.
950 4083 1050 4144 liabes
1069 4086 1167 4145 simile
1185 4085 1325 4164 quiddam
1340 4089 1475 4149 carceris

205 4175 287 4237 illius
309 4172 435 4242 inferni,
459 4169 554 4230 habes
574 4169 742 4246 spiritualia
765 4171 853 4246 quasi
869 4169 1015 4247 quaedam
1040 4173 1173 4243 vincula,
1197 4174 1228 4232 in
1245 4171 1356 4248 quibus
1367 4171 1477 4248 judicii

207 4262 377 4339 antiquitus
400 4255 527 4317 exhibiti
550 4272 699 4335 agnoscas
722 4256 990 4317 continuationem.
1030 4257 1089 4318 Sed
1113 4260 1166 4335 qui
1187 4262 1330 4317 tenentur
1351 4257 1399 4317 his
1423 4259 1476 4319 ob-

207 4346 376 4408 durationis
394 4343 523 4404 vineulis
539 4359 632 4418 quum
650 4343 753 4404 vivant
775 4343 958 4402 interrivos
975 4342 1115 4421 adeoque
1138 4342 1329 4419 evangelium
1352 4343 1477 4406 audiant

109 4480 120 4500 .
208 4424 289 4495 iuter
311 4430 515 4500 Christianos,
539 4428 627 4488 facile
650 4428 828 4506 intelligitur
851 4434 882 4489 et
896 4446 957 4506 quo
974 4431 1045 4507 jure
1061 4427 1259 4506 adjudicanda
1274 4431 1312 4490 iis
1329 4430 1369 4490 sit
1384 4449 1475 4508 quam

209 4553 384 4564 ...μ--..-
396 4553 400 4557 ,

274 4604 337 4661 1.,
339 4591 483 4650 -ὅτὸτε
500 4590 601 4679 κόσμος
624 4595 703 4649 trau
725 4598 925 4654 κατακλυσθεὶς
949 4593 1078 4649 ἀπώλετο.
1118 4595 1150 4646 Οἱ
1173 4594 1203 4648 de
1230 4597 1281 4650 νῦν
1298 4595 1410 4671 οὐρανοὶ
1427 4599 1474 4654 καὶ

182 4664 311 4739 171
342 4664 591 4739 τεθησαυρισμένοι
611 4664 665 4719 εἰσὶ
685 4667 751 4739 πυρί
769 4698 800 4706 -
820 4697 860 4716 ..

231 4805 236 4813 ,

18 4886 33 4903 l·
138 4850 232 4888 Α
