<?xml version="1.0" encoding="UTF-8"?>
<!DOCTYPE html PUBLIC "-//W3C//DTD XHTML 1.0 Transitional//EN"
    "http://www.w3.org/TR/xhtml1/DTD/xhtml1-transitional.dtd">
<html xmlns="http://www.w3.org/1999/xhtml" xml:lang="en" lang="en">
 <head>
  <title>
</title>
<meta http-equiv="Content-Type" content="text/html;charset=utf-8" />
  <meta name='ocr-system' content='tesseract 3.04.00' />
  <meta name='ocr-capabilities' content='ocr_page ocr_carea ocr_par ocr_line ocrx_word'/>
</head>
<body>
  <div class='ocr_page' id='page_1' title='image "./petriapostolide01zezsgoog_0031.png"; bbox 0 0 3210 5228; ppageno 0'>
   <div class='ocr_carea' id='block_1_1' title="bbox 34 277 916 350">
    <p class='ocr_par' dir='ltr' id='par_1_1' title="bbox 34 277 916 350">
     <span class='ocr_line' id='line_1_1' title="bbox 34 277 916 350; baseline 0.002 -15"><span class='ocrx_word' id='word_1_1' title='bbox 34 292 41 315; x_wconf 52' lang='lat' dir='ltr'><strong>r</strong></span> <span class='ocrx_word' id='word_1_2' title='bbox 157 280 197 347; x_wconf 68' lang='lat'><strong>22</strong></span> <span class='ocrx_word' id='word_1_3' title='bbox 675 280 782 339; x_wconf 79' lang='lat' dir='ltr'><strong>lPerr.</strong></span> <span class='ocrx_word' id='word_1_4' title='bbox 799 277 848 350; x_wconf 87' lang='lat'><strong>111,</strong></span> <span class='ocrx_word' id='word_1_5' title='bbox 869 277 916 337; x_wconf 81' lang='lat' dir='ltr'><strong>lt.</strong></span> 
     </span>
    </p>
   </div>
   <div class='ocr_carea' id='block_1_2' title="bbox 156 439 1442 1734">
    <p class='ocr_par' dir='ltr' id='par_1_2' title="bbox 156 439 1438 1043">
     <span class='ocr_line' id='line_1_2' title="bbox 156 439 1437 558; baseline -0.008 -46"><span class='ocrx_word' id='word_1_6' title='bbox 156 451 351 558; x_wconf 65' lang='lat' dir='ltr'><strong>opponantur</strong></span> <span class='ocrx_word' id='word_1_7' title='bbox 381 446 430 508; x_wconf 84' lang='lat' dir='ltr'><strong>rel</strong></span> <span class='ocrx_word' id='word_1_8' title='bbox 459 444 679 524; x_wconf 75' lang='lat' dir='ltr'><strong>adiungantur,</strong></span> <span class='ocrx_word' id='word_1_9' title='bbox 709 444 764 506; x_wconf 90' lang='lat' dir='ltr'><strong>sed</strong></span> <span class='ocrx_word' id='word_1_10' title='bbox 792 450 899 524; x_wconf 90' lang='lat' dir='ltr'><strong>aperte</strong></span> <span class='ocrx_word' id='word_1_11' title='bbox 923 462 991 505; x_wconf 92' lang='lat' dir='ltr'><strong>cum</strong></span> <span class='ocrx_word' id='word_1_12' title='bbox 1021 443 1147 505; x_wconf 87' lang='lat' dir='ltr'><strong>relatiua</strong></span> <span class='ocrx_word' id='word_1_13' title='bbox 1169 443 1381 505; x_wconf 78' lang='lat' dir='ltr'><strong>enuntiatione</strong></span> <span class='ocrx_word' id='word_1_14' title='bbox 1404 439 1437 502; x_wconf 75' lang='lat' dir='ltr'><strong>ia</strong></span> 
     </span>
     <span class='ocr_line' id='line_1_3' title="bbox 157 525 1437 618; baseline -0.003 -24"><span class='ocrx_word' id='word_1_15' title='bbox 157 559 199 618; x_wconf 70' lang='lat' dir='ltr'><strong>pr,</strong></span> <span class='ocrx_word' id='word_1_16' title='bbox 221 536 264 596; x_wconf 87' lang='lat' dir='ltr'><strong>ita</strong></span> <span class='ocrx_word' id='word_1_17' title='bbox 278 533 413 595; x_wconf 90' lang='lat' dir='ltr'><strong>utnotio</strong></span> <span class='ocrx_word' id='word_1_18' title='bbox 431 548 510 610; x_wconf 88' lang='lat' dir='ltr'><strong>quac</strong></span> <span class='ocrx_word' id='word_1_19' title='bbox 525 534 565 592; x_wconf 64' lang='lat' dir='ltr'><strong>‘in</strong></span> <span class='ocrx_word' id='word_1_20' title='bbox 587 549 624 594; x_wconf 86' lang='lat' dir='ltr'><strong>ee</strong></span> <span class='ocrx_word' id='word_1_21' title='bbox 647 532 721 594; x_wconf 90' lang='lat' dir='ltr'><strong>latet</strong></span> <span class='ocrx_word' id='word_1_22' title='bbox 742 530 957 609; x_wconf 76' lang='grc' dir='ltr'><strong>(ζωοποιηθεὶς</strong></span> <span class='ocrx_word' id='word_1_23' title='bbox 979 525 1141 607; x_wconf 76' lang='grc' dir='ltr'>πνεύματι)</span> <span class='ocrx_word' id='word_1_24' title='bbox 1163 525 1321 607; x_wconf 76' lang='lat' dir='ltr'><strong>urgeatur.</strong></span> <span class='ocrx_word' id='word_1_25' title='bbox 1346 527 1437 590; x_wconf 61' lang='lat' dir='ltr'><strong>ham</strong></span> 
     </span>
     <span class='ocr_line' id='line_1_4' title="bbox 157 616 1438 697; baseline -0.005 -13"><span class='ocrx_word' id='word_1_26' title='bbox 157 622 233 689; x_wconf 82' lang='lat' dir='ltr'><strong>haec</strong></span> <span class='ocrx_word' id='word_1_27' title='bbox 256 628 305 682; x_wconf 88' lang='lat' dir='ltr'><strong>est</strong></span> <span class='ocrx_word' id='word_1_28' title='bbox 327 635 446 681; x_wconf 86' lang='lat' dir='ltr'><strong>summa</strong></span> <span class='ocrx_word' id='word_1_29' title='bbox 466 635 574 680; x_wconf 88' lang='lat' dir='ltr'><strong>eorum</strong></span> <span class='ocrx_word' id='word_1_30' title='bbox 597 636 675 697; x_wconf 91' lang='lat' dir='ltr'><strong>quae</strong></span> <span class='ocrx_word' id='word_1_31' title='bbox 698 623 888 697; x_wconf 91' lang='lat' dir='ltr'><strong>sequuntur,</strong></span> <span class='ocrx_word' id='word_1_32' title='bbox 914 624 946 678; x_wconf 94' lang='lat' dir='ltr'><strong>ut</strong></span> <span class='ocrx_word' id='word_1_33' title='bbox 970 617 1042 696; x_wconf 88' lang='lat' dir='ltr'><strong>quid</strong></span> <span class='ocrx_word' id='word_1_34' title='bbox 1064 616 1206 677; x_wconf 90' lang='lat' dir='ltr'><strong>Christus</strong></span> <span class='ocrx_word' id='word_1_35' title='bbox 1224 616 1385 677; x_wconf 79' lang='lat' dir='ltr'><strong>redivivus</strong></span> <span class='ocrx_word' id='word_1_36' title='bbox 1405 621 1438 677; x_wconf 87' lang='lat' dir='ltr'><strong>et</strong></span> 
     </span>
     <span class='ocr_line' id='line_1_5' title="bbox 158 697 1435 784; baseline -0.006 -15"><span class='ocrx_word' id='word_1_37' title='bbox 158 707 195 769; x_wconf 90' lang='lat' dir='ltr'><strong>ad</strong></span> <span class='ocrx_word' id='word_1_38' title='bbox 222 713 336 770; x_wconf 88' lang='lat' dir='ltr'><strong>statum</strong></span> <span class='ocrx_word' id='word_1_39' title='bbox 360 705 477 784; x_wconf 74' lang='lat' dir='ltr'><strong>gloriae</strong></span> <span class='ocrx_word' id='word_1_40' title='bbox 501 705 599 766; x_wconf 78' lang='lat' dir='ltr'><strong>redux</strong></span> <span class='ocrx_word' id='word_1_41' title='bbox 624 697 723 782; x_wconf 81' lang='lat' dir='ltr'><strong>egerit</strong></span> <span class='ocrx_word' id='word_1_42' title='bbox 754 705 901 767; x_wconf 82' lang='lat' dir='ltr'><strong>referant.</strong></span> <span class='ocrx_word' id='word_1_43' title='bbox 945 703 1126 764; x_wconf 85' lang='lat' dir='ltr'><strong>Redivivum</strong></span> <span class='ocrx_word' id='word_1_44' title='bbox 1156 719 1228 763; x_wconf 88' lang='lat' dir='ltr'><strong>esse</strong></span> <span class='ocrx_word' id='word_1_45' title='bbox 1258 701 1347 777; x_wconf 81' lang='lat' dir='ltr'><strong>dirit3</strong></span> <span class='ocrx_word' id='word_1_46' title='bbox 1371 703 1435 780; x_wconf 85' lang='lat' dir='ltr'><strong>jam</strong></span> 
     </span>
     <span class='ocr_line' id='line_1_6' title="bbox 158 789 1436 872; baseline -0.005 -15"><span class='ocrx_word' id='word_1_47' title='bbox 158 796 262 872; x_wconf 78' lang='lat' dir='ltr'><strong>egisse</strong></span> <span class='ocrx_word' id='word_1_48' title='bbox 285 791 415 852; x_wconf 93' lang='lat' dir='ltr'><strong>eundem</strong></span> <span class='ocrx_word' id='word_1_49' title='bbox 439 790 515 869; x_wconf 76' lang='lat' dir='ltr'><strong>(acl)</strong></span> <span class='ocrx_word' id='word_1_50' title='bbox 539 791 674 869; x_wconf 85' lang='lat' dir='ltr'><strong>additur,</strong></span> <span class='ocrx_word' id='word_1_51' title='bbox 697 807 777 868; x_wconf 89' lang='lat' dir='ltr'><strong>quae</strong></span> <span class='ocrx_word' id='word_1_52' title='bbox 792 792 994 852; x_wconf 89' lang='lat' dir='ltr'><strong>convenirent</strong></span> <span class='ocrx_word' id='word_1_53' title='bbox 1010 792 1042 850; x_wconf 92' lang='lat' dir='ltr'><strong>in</strong></span> <span class='ocrx_word' id='word_1_54' title='bbox 1056 791 1205 850; x_wconf 87' lang='lat' dir='ltr'><strong>victorem</strong></span> <span class='ocrx_word' id='word_1_55' title='bbox 1226 790 1336 850; x_wconf 90' lang='lat' dir='ltr'><strong>mortis</strong></span> <span class='ocrx_word' id='word_1_56' title='bbox 1357 789 1436 867; x_wconf 89' lang='lat' dir='ltr'><strong>inju-</strong></span> 
     </span>
     <span class='ocr_line' id='line_1_7' title="bbox 157 876 1437 957; baseline -0.007 -11"><span class='ocrx_word' id='word_1_57' title='bbox 157 882 333 957; x_wconf 84' lang='lat' dir='ltr'><strong>riarumque</strong></span> <span class='ocrx_word' id='word_1_58' title='bbox 345 877 603 940; x_wconf 84' lang='lat' dir='ltr'><strong>adversariorum.</strong></span> <span class='ocrx_word' id='word_1_59' title='bbox 627 877 674 938; x_wconf 91' lang='lat' dir='ltr'><strong>lta</strong></span> <span class='ocrx_word' id='word_1_60' title='bbox 689 881 716 938; x_wconf 92' lang='lat' dir='ltr'><strong>si</strong></span> <span class='ocrx_word' id='word_1_61' title='bbox 733 878 916 954; x_wconf 83' lang='lat' dir='ltr'>explicatur,</span> <span class='ocrx_word' id='word_1_62' title='bbox 934 876 1022 937; x_wconf 89' lang='lat' dir='ltr'><strong>lacilc</strong></span> <span class='ocrx_word' id='word_1_63' title='bbox 1038 881 1178 954; x_wconf 88' lang='lat' dir='ltr'><strong>apparet,</strong></span> <span class='ocrx_word' id='word_1_64' title='bbox 1201 892 1282 953; x_wconf 87' lang='lat' dir='ltr'><strong>quae</strong></span> <span class='ocrx_word' id='word_1_65' title='bbox 1300 891 1437 953; x_wconf 81' lang='lat' dir='ltr'><strong>sequun-</strong></span> 
     </span>
     <span class='ocr_line' id='line_1_8' title="bbox 159 958 1185 1043; baseline -0.005 -15"><span class='ocrx_word' id='word_1_66' title='bbox 159 975 225 1041; x_wconf 88' lang='lat' dir='ltr'><strong>tur,</strong></span> <span class='ocrx_word' id='word_1_67' title='bbox 248 973 280 1029; x_wconf 91' lang='lat' dir='ltr'><strong>et</strong></span> <span class='ocrx_word' id='word_1_68' title='bbox 301 966 370 1043; x_wconf 88' lang='lat' dir='ltr'><strong>ipsa</strong></span> <span class='ocrx_word' id='word_1_69' title='bbox 399 965 550 1026; x_wconf 85' lang='lat' dir='ltr'><strong>inservire</strong></span> <span class='ocrx_word' id='word_1_70' title='bbox 577 958 772 1042; x_wconf 82' lang='lat' dir='ltr'><strong>explicationi</strong></span> <span class='ocrx_word' id='word_1_71' title='bbox 793 979 904 1030; x_wconf 87' lang='lat' dir='ltr'><strong>versus</strong></span> <span class='ocrx_word' id='word_1_72' title='bbox 921 962 1029 1024; x_wconf 82' lang='lat' dir='ltr'><strong>decimi</strong></span> <span class='ocrx_word' id='word_1_73' title='bbox 1053 963 1185 1038; x_wconf 84' lang='lat' dir='ltr'><strong>septimi.</strong></span> 
     </span>
    </p>

    <p class='ocr_par' dir='ltr' id='par_1_3' title="bbox 159 1043 1442 1734">
     <span class='ocr_line' id='line_1_9' title="bbox 244 1043 1440 1130; baseline -0.006 -17"><span class='ocrx_word' id='word_1_74' title='bbox 244 1052 322 1127; x_wconf 74' lang='lat' dir='ltr'><strong>outo</strong></span> <span class='ocrx_word' id='word_1_75' title='bbox 345 1067 420 1113; x_wconf 87' lang='lat' dir='ltr'><strong>vero</strong></span> <span class='ocrx_word' id='word_1_76' title='bbox 444 1053 544 1129; x_wconf 78' lang='lat' dir='ltr'><strong>egerit</strong></span> <span class='ocrx_word' id='word_1_77' title='bbox 565 1052 741 1112; x_wconf 73' lang='lat' dir='ltr'><strong>continetur</strong></span> <span class='ocrx_word' id='word_1_78' title='bbox 764 1050 883 1111; x_wconf 87' lang='lat' dir='ltr'><strong>verbis:</strong></span> <span class='ocrx_word' id='word_1_79' title='bbox 907 1048 1071 1130; x_wconf 67' lang='grc' dir='ltr'><strong><em>πορευθεὶς</em></strong></span> <span class='ocrx_word' id='word_1_80' title='bbox 1093 1043 1235 1129; x_wconf 76' lang='grc' dir='ltr'><strong>ἐκήρυξεν</strong></span> <span class='ocrx_word' id='word_1_81' title='bbox 1251 1054 1317 1118; x_wconf 80' lang='grc' dir='ltr'><strong><em>τοῖς</em></strong></span> <span class='ocrx_word' id='word_1_82' title='bbox 1334 1045 1365 1108; x_wconf 76' lang='grc' dir='ltr'><strong>ἐν</strong></span> <span class='ocrx_word' id='word_1_83' title='bbox 1382 1067 1440 1129; x_wconf 79' lang='lat' dir='ltr'><strong>qo·</strong></span> 
     </span>
     <span class='ocr_line' id='line_1_10' title="bbox 160 1131 1440 1220; baseline -0.004 -19"><span class='ocrx_word' id='word_1_84' title='bbox 160 1143 238 1220; x_wconf 76' lang='grc' dir='ltr'><strong>λακῇ</strong></span> <span class='ocrx_word' id='word_1_85' title='bbox 261 1131 421 1215; x_wconf 73' lang='grc' dir='ltr'><strong><em>πνεύμασι.</em></strong></span> <span class='ocrx_word' id='word_1_86' title='bbox 445 1171 487 1183; x_wconf 94' lang='grc'><strong>-</strong></span> <span class='ocrx_word' id='word_1_87' title='bbox 508 1136 709 1198; x_wconf 88' lang='lat' dir='ltr'><strong>Praedicasse</strong></span> <span class='ocrx_word' id='word_1_88' title='bbox 732 1136 843 1197; x_wconf 87' lang='lat' dir='ltr'><strong>dicitur</strong></span> <span class='ocrx_word' id='word_1_89' title='bbox 860 1136 1001 1197; x_wconf 89' lang='lat' dir='ltr'><strong>Christus</strong></span> <span class='ocrx_word' id='word_1_90' title='bbox 1024 1153 1041 1195; x_wconf 90' lang='lat' dir='ltr'><strong>c</strong></span> <span class='ocrx_word' id='word_1_91' title='bbox 1065 1136 1195 1196; x_wconf 77' lang='lat' dir='ltr'><strong>mortuis</strong></span> <span class='ocrx_word' id='word_1_92' title='bbox 1218 1134 1315 1195; x_wconf 82' lang='lat' dir='ltr'><strong>redux</strong></span> <span class='ocrx_word' id='word_1_93' title='bbox 1336 1134 1440 1196; x_wconf 87' lang='lat' dir='ltr'><strong>conlc-</strong></span> 
     </span>
     <span class='ocr_line' id='line_1_11' title="bbox 160 1220 1440 1302; baseline -0.006 -13"><span class='ocrx_word' id='word_1_94' title='bbox 160 1243 234 1290; x_wconf 91' lang='lat' dir='ltr'><strong>rens</strong></span> <span class='ocrx_word' id='word_1_95' title='bbox 258 1241 293 1286; x_wconf 91' lang='lat' dir='ltr'><strong>se</strong></span> <span class='ocrx_word' id='word_1_96' title='bbox 320 1226 352 1284; x_wconf 93' lang='lat' dir='ltr'><strong>in</strong></span> <span class='ocrx_word' id='word_1_97' title='bbox 374 1223 466 1284; x_wconf 90' lang='lat' dir='ltr'><strong>alium</strong></span> <span class='ocrx_word' id='word_1_98' title='bbox 479 1223 590 1286; x_wconf 90' lang='lat' dir='ltr'><strong>locum</strong></span> <span class='ocrx_word' id='word_1_99' title='bbox 613 1229 706 1302; x_wconf 92' lang='lat' dir='ltr'><strong>atque</strong></span> <span class='ocrx_word' id='word_1_100' title='bbox 728 1226 759 1284; x_wconf 94' lang='lat' dir='ltr'><strong>in</strong></span> <span class='ocrx_word' id='word_1_101' title='bbox 781 1239 843 1299; x_wconf 92' lang='lat' dir='ltr'><strong>quo</strong></span> <span class='ocrx_word' id='word_1_102' title='bbox 866 1224 986 1294; x_wconf 87' lang='lat' dir='ltr'><strong>luerit,-</strong></span> <span class='ocrx_word' id='word_1_103' title='bbox 999 1220 1097 1283; x_wconf 91' lang='lat' dir='ltr'><strong>donec</strong></span> <span class='ocrx_word' id='word_1_104' title='bbox 1119 1222 1186 1298; x_wconf 91' lang='lat' dir='ltr'><strong>ipse</strong></span> <span class='ocrx_word' id='word_1_105' title='bbox 1210 1223 1310 1283; x_wconf 89' lang='lat' dir='ltr'><strong>anima</strong></span> <span class='ocrx_word' id='word_1_106' title='bbox 1332 1237 1351 1279; x_wconf 90' lang='lat' dir='ltr'><strong>a</strong></span> <span class='ocrx_word' id='word_1_107' title='bbox 1372 1236 1440 1289; x_wconf 79' lang='lat' dir='ltr'><strong>cor·</strong></span> 
     </span>
     <span class='ocr_line' id='line_1_12' title="bbox 159 1307 1442 1393; baseline -0.005 -19"><span class='ocrx_word' id='word_1_108' title='bbox 159 1329 237 1393; x_wconf 90' lang='lat' dir='ltr'><strong>pore</strong></span> <span class='ocrx_word' id='word_1_109' title='bbox 260 1314 403 1389; x_wconf 87' lang='lat' dir='ltr'><strong>separata</strong></span> <span class='ocrx_word' id='word_1_110' title='bbox 424 1311 456 1369; x_wconf 92' lang='lat' dir='ltr'><strong>in</strong></span> <span class='ocrx_word' id='word_1_111' title='bbox 477 1313 589 1372; x_wconf 90' lang='lat' dir='ltr'><strong>mortis</strong></span> <span class='ocrx_word' id='word_1_112' title='bbox 611 1309 787 1370; x_wconf 92' lang='lat' dir='ltr'><strong>conditione</strong></span> <span class='ocrx_word' id='word_1_113' title='bbox 811 1311 925 1382; x_wconf 88' lang='lat' dir='ltr'><strong>essct,l</strong></span> <span class='ocrx_word' id='word_1_114' title='bbox 949 1311 981 1368; x_wconf 94' lang='lat' dir='ltr'><strong>in</strong></span> <span class='ocrx_word' id='word_1_115' title='bbox 1004 1326 1075 1369; x_wconf 90' lang='lat' dir='ltr'><strong>eum</strong></span> <span class='ocrx_word' id='word_1_116' title='bbox 1099 1307 1221 1385; x_wconf 91' lang='lat' dir='ltr'><strong>quidem</strong></span> <span class='ocrx_word' id='word_1_117' title='bbox 1246 1307 1364 1380; x_wconf 86' lang='lat' dir='ltr'><strong>locum,</strong></span> <span class='ocrx_word' id='word_1_118' title='bbox 1387 1307 1442 1368; x_wconf 86' lang='lat' dir='ltr'><strong>uhi</strong></span> 
     </span>
     <span class='ocr_line' id='line_1_13' title="bbox 161 1392 1441 1480; baseline -0.002 -22"><span class='ocrx_word' id='word_1_119' title='bbox 161 1398 535 1480; x_wconf 67' lang='lat' dir='ltr'><strong>qotcapcontinerentur</strong></span> <span class='ocrx_word' id='word_1_120' title='bbox 557 1395 717 1473; x_wconf 71' lang='grc' dir='ltr'><strong>πνεύματα</strong></span> <span class='ocrx_word' id='word_1_121' title='bbox 739 1397 815 1469; x_wconf 92' lang='lat' dir='ltr'><strong>ista,</strong></span> <span class='ocrx_word' id='word_1_122' title='bbox 839 1401 972 1472; x_wconf 86' lang='lat' dir='ltr'><strong>quorum</strong></span> <span class='ocrx_word' id='word_1_123' title='bbox 995 1392 1240 1479; x_wconf 25' lang='lat' dir='ltr'><strong>naturaldeinde</strong></span> <span class='ocrx_word' id='word_1_124' title='bbox 1266 1395 1441 1456; x_wconf 76' lang='lat' dir='ltr'><strong>accuratius</strong></span> 
     </span>
     <span class='ocr_line' id='line_1_14' title="bbox 161 1477 1441 1560; baseline -0.002 -12"><span class='ocrx_word' id='word_1_125' title='bbox 161 1485 316 1548; x_wconf 86' lang='lat' dir='ltr'><strong>delinitur.</strong></span> <span class='ocrx_word' id='word_1_126' title='bbox 362 1483 445 1557; x_wconf 79' lang='lat' dir='ltr'><strong>Quae</strong></span> <span class='ocrx_word' id='word_1_127' title='bbox 468 1485 609 1560; x_wconf 87' lang='lat' dir='ltr'><strong>quamvis</strong></span> <span class='ocrx_word' id='word_1_128' title='bbox 632 1487 709 1560; x_wconf 90' lang='lat' dir='ltr'><strong>quot</strong></span> <span class='ocrx_word' id='word_1_129' title='bbox 722 1481 818 1543; x_wconf 83' lang='lat' dir='ltr'><strong>verba</strong></span> <span class='ocrx_word' id='word_1_130' title='bbox 840 1487 887 1542; x_wconf 92' lang='lat' dir='ltr'><strong>tot</strong></span> <span class='ocrx_word' id='word_1_131' title='bbox 909 1483 1081 1560; x_wconf 85' lang='lat' dir='ltr'><strong>aenigmata</strong></span> <span class='ocrx_word' id='word_1_132' title='bbox 1102 1496 1173 1541; x_wconf 91' lang='lat' dir='ltr'><strong>esse</strong></span> <span class='ocrx_word' id='word_1_133' title='bbox 1195 1477 1372 1552; x_wconf 87' lang='lat' dir='ltr'><strong>videantur,</strong></span> <span class='ocrx_word' id='word_1_134' title='bbox 1395 1485 1441 1545; x_wconf 67' lang='lat' dir='ltr'><strong>ta·</strong></span> 
     </span>
     <span class='ocr_line' id='line_1_15' title="bbox 159 1567 1439 1646; baseline -0.005 -13"><span class='ocrx_word' id='word_1_135' title='bbox 159 1589 230 1633; x_wconf 89' lang='lat' dir='ltr'><strong>men</strong></span> <span class='ocrx_word' id='word_1_136' title='bbox 253 1571 428 1634; x_wconf 85' lang='lat' dir='ltr'><strong>universam</strong></span> <span class='ocrx_word' id='word_1_137' title='bbox 451 1586 559 1630; x_wconf 88' lang='lat' dir='ltr'><strong>eorum</strong></span> <span class='ocrx_word' id='word_1_138' title='bbox 582 1570 767 1630; x_wconf 91' lang='lat' dir='ltr'><strong>sententiam</strong></span> <span class='ocrx_word' id='word_1_139' title='bbox 790 1585 857 1629; x_wconf 90' lang='lat' dir='ltr'><strong>eam</strong></span> <span class='ocrx_word' id='word_1_140' title='bbox 873 1585 963 1645; x_wconf 90' lang='lat' dir='ltr'><strong>quam</strong></span> <span class='ocrx_word' id='word_1_141' title='bbox 986 1568 1207 1646; x_wconf 85' lang='lat' dir='ltr'><strong>proposuimus</strong></span> <span class='ocrx_word' id='word_1_142' title='bbox 1225 1567 1307 1627; x_wconf 89' lang='lat' dir='ltr'><strong>ultro</strong></span> <span class='ocrx_word' id='word_1_143' title='bbox 1324 1567 1439 1641; x_wconf 81' lang='lat' dir='ltr'><strong>offerri,</strong></span> 
     </span>
     <span class='ocr_line' id='line_1_16' title="bbox 159 1655 1441 1734; baseline -0.004 -15"><span class='ocrx_word' id='word_1_144' title='bbox 159 1655 370 1721; x_wconf 82' lang='lat' dir='ltr'><strong>consideranti</strong></span> <span class='ocrx_word' id='word_1_145' title='bbox 391 1672 461 1716; x_wconf 88' lang='lat' dir='ltr'><strong>cum</strong></span> <span class='ocrx_word' id='word_1_146' title='bbox 483 1655 622 1734; x_wconf 80' lang='lat' dir='ltr'><strong>singulas</strong></span> <span class='ocrx_word' id='word_1_147' title='bbox 636 1655 801 1720; x_wconf 81' lang='lat' dir='ltr'><strong>verborum</strong></span> <span class='ocrx_word' id='word_1_148' title='bbox 814 1657 959 1716; x_wconf 88' lang='lat' dir='ltr'><strong>notiones</strong></span> <span class='ocrx_word' id='word_1_149' title='bbox 981 1662 1046 1715; x_wconf 92' lang='lat' dir='ltr'><strong>tum</strong></span> <span class='ocrx_word' id='word_1_150' title='bbox 1066 1655 1289 1714; x_wconf 85' lang='lat' dir='ltr'><strong>sententiarum</strong></span> <span class='ocrx_word' id='word_1_151' title='bbox 1306 1655 1389 1715; x_wconf 86' lang='lat' dir='ltr'><strong>iuter</strong></span> <span class='ocrx_word' id='word_1_152' title='bbox 1406 1668 1441 1714; x_wconf 90' lang='lat' dir='ltr'><strong>se</strong></span> 
     </span>
    </p>
   </div>
   <div class='ocr_carea' id='block_1_3' title="bbox 60 1740 930 1820">
    <p class='ocr_par' dir='ltr' id='par_1_4' title="bbox 60 1740 930 1820">
     <span class='ocr_line' id='line_1_17' title="bbox 60 1740 930 1820; baseline -0.005 -12"><span class='ocrx_word' id='word_1_153' title='bbox 60 1804 66 1818; x_wconf 71' lang='grc'>,</span> <span class='ocrx_word' id='word_1_154' title='bbox 159 1744 389 1807; x_wconf 81' lang='lat' dir='ltr'><strong>cohaerentiam</strong></span> <span class='ocrx_word' id='word_1_155' title='bbox 410 1740 489 1803; x_wconf 89' lang='lat' dir='ltr'><strong>haud</strong></span> <span class='ocrx_word' id='word_1_156' title='bbox 504 1742 684 1818; x_wconf 60' lang='lat' dir='ltr'><strong>&gt;ambiguum</strong></span> <span class='ocrx_word' id='word_1_157' title='bbox 703 1757 774 1803; x_wconf 92' lang='lat' dir='ltr'><strong>esse</strong></span> <span class='ocrx_word' id='word_1_158' title='bbox 791 1747 905 1820; x_wconf 91' lang='lat' dir='ltr'><strong>potest.</strong></span> <span class='ocrx_word' id='word_1_159' title='bbox 927 1786 930 1791; x_wconf 52' lang='lat'><strong>.</strong></span> 
     </span>
    </p>
   </div>
   <div class='ocr_carea' id='block_1_4' title="bbox 146 1818 1448 4064">
    <p class='ocr_par' dir='ltr' id='par_1_5' title="bbox 146 1818 1448 4064">
     <span class='ocr_line' id='line_1_18' title="bbox 244 1818 1441 1905; baseline -0.003 -16"><span class='ocrx_word' id='word_1_160' title='bbox 244 1829 383 1890; x_wconf 77' lang='lat' dir='ltr'><strong>Fuerunt</strong></span> <span class='ocrx_word' id='word_1_161' title='bbox 406 1833 509 1889; x_wconf 88' lang='lat' dir='ltr'><strong>tamen</strong></span> <span class='ocrx_word' id='word_1_162' title='bbox 533 1834 564 1890; x_wconf 90' lang='lat' dir='ltr'><strong>et</strong></span> <span class='ocrx_word' id='word_1_163' title='bbox 585 1834 658 1890; x_wconf 89' lang='lat' dir='ltr'><strong>sunt</strong></span> <span class='ocrx_word' id='word_1_164' title='bbox 681 1831 855 1889; x_wconf 86' lang='lat' dir='ltr'><strong>etiamnunc</strong></span> <span class='ocrx_word' id='word_1_165' title='bbox 885 1831 936 1905; x_wconf 91' lang='lat' dir='ltr'><strong>qui</strong></span> <span class='ocrx_word' id='word_1_166' title='bbox 965 1818 1046 1888; x_wconf 82' lang='lat' dir='ltr'><strong>hunc</strong></span> <span class='ocrx_word' id='word_1_167' title='bbox 1076 1845 1093 1886; x_wconf 89' lang='lat' dir='ltr'><strong>a</strong></span> <span class='ocrx_word' id='word_1_168' title='bbox 1114 1827 1258 1904; x_wconf 85' lang='lat' dir='ltr'><strong>proximo</strong></span> <span class='ocrx_word' id='word_1_169' title='bbox 1280 1843 1375 1888; x_wconf 87' lang='lat' dir='ltr'><strong>versu</strong></span> <span class='ocrx_word' id='word_1_170' title='bbox 1397 1829 1441 1897; x_wconf 82' lang='lat' dir='ltr'><strong>ita</strong></span> 
     </span>
     <span class='ocr_line' id='line_1_19' title="bbox 160 1904 1441 1996; baseline -0.003 -18"><span class='ocrx_word' id='word_1_171' title='bbox 160 1921 323 1995; x_wconf 84' lang='lat' dir='ltr'><strong>separent,</strong></span> <span class='ocrx_word' id='word_1_172' title='bbox 346 1921 382 1979; x_wconf 87' lang='lat' dir='ltr'><strong>ut</strong></span> <span class='ocrx_word' id='word_1_173' title='bbox 395 1931 475 1992; x_wconf 87' lang='lat' dir='ltr'><strong>quae</strong></span> <span class='ocrx_word' id='word_1_174' title='bbox 496 1914 604 1982; x_wconf 87' lang='lat' dir='ltr'><strong>uerbis</strong></span> <span class='ocrx_word' id='word_1_175' title='bbox 625 1914 656 1973; x_wconf 82' lang='grc' dir='ltr'><strong>ἐν</strong></span> <span class='ocrx_word' id='word_1_176' title='bbox 679 1904 703 1996; x_wconf 78' lang='grc' dir='ltr'><em>ᾧ</em></span> <span class='ocrx_word' id='word_1_177' title='bbox 725 1915 779 1974; x_wconf 83' lang='grc' dir='ltr'><strong>καί</strong></span> <span class='ocrx_word' id='word_1_178' title='bbox 804 1915 991 1986; x_wconf 82' lang='lat' dir='ltr'><strong>inferantur,</strong></span> <span class='ocrx_word' id='word_1_179' title='bbox 1016 1921 1104 1991; x_wconf 82' lang='lat' dir='ltr'><strong>gesta</strong></span> <span class='ocrx_word' id='word_1_180' title='bbox 1127 1931 1197 1975; x_wconf 89' lang='lat' dir='ltr'><strong>esse</strong></span> <span class='ocrx_word' id='word_1_181' title='bbox 1224 1917 1371 1974; x_wconf 89' lang='lat' dir='ltr'><strong>censeant</strong></span> <span class='ocrx_word' id='word_1_182' title='bbox 1391 1913 1441 1974; x_wconf 85' lang='lat' dir='ltr'><strong>ltit</strong></span> 
     </span>
     <span class='ocr_line' id='line_1_20' title="bbox 146 1999 1441 2078; baseline -0.005 -12"><span class='ocrx_word' id='word_1_183' title='bbox 146 2003 242 2066; x_wconf 88' lang='lat' dir='ltr'><strong>&#39;mille</strong></span> <span class='ocrx_word' id='word_1_184' title='bbox 260 2002 351 2061; x_wconf 90' lang='lat' dir='ltr'><strong>annis</strong></span> <span class='ocrx_word' id='word_1_185' title='bbox 366 2009 437 2061; x_wconf 83' lang='lat' dir='ltr'><strong>ante</strong></span> <span class='ocrx_word' id='word_1_186' title='bbox 454 2017 545 2078; x_wconf 83' lang='lat' dir='ltr'><strong>quam</strong></span> <span class='ocrx_word' id='word_1_187' title='bbox 563 2000 705 2062; x_wconf 90' lang='lat' dir='ltr'><strong>Christus</strong></span> <span class='ocrx_word' id='word_1_188' title='bbox 724 2001 817 2063; x_wconf 88' lang='lat' dir='ltr'><strong>homo</strong></span> <span class='ocrx_word' id='word_1_189' title='bbox 838 2002 938 2062; x_wconf 84' lang='lat' dir='ltr'><strong>iactus</strong></span> <span class='ocrx_word' id='word_1_190' title='bbox 962 2006 1061 2072; x_wconf 89' lang='lat' dir='ltr'><strong>esset,</strong></span> <span class='ocrx_word' id='word_1_191' title='bbox 1086 2018 1125 2060; x_wconf 90' lang='lat' dir='ltr'><strong>ne</strong></span> <span class='ocrx_word' id='word_1_192' title='bbox 1149 1999 1247 2063; x_wconf 88' lang='lat' dir='ltr'><strong>dicam</strong></span> <span class='ocrx_word' id='word_1_193' title='bbox 1270 2019 1287 2061; x_wconf 93' lang='lat' dir='ltr'><strong>e</strong></span> <span class='ocrx_word' id='word_1_194' title='bbox 1309 1999 1441 2060; x_wconf 87' lang='lat' dir='ltr'><strong>mortuis</strong></span> 
     </span>
     <span class='ocr_line' id='line_1_21' title="bbox 160 2085 1441 2164; baseline -0.002 -16"><span class='ocrx_word' id='word_1_195' title='bbox 160 2088 272 2160; x_wconf 84' lang='lat' dir='ltr'><strong>redux,</strong></span> <span class='ocrx_word' id='word_1_196' title='bbox 290 2086 408 2147; x_wconf 86' lang='lat' dir='ltr'><strong>Noachi</strong></span> <span class='ocrx_word' id='word_1_197' title='bbox 425 2088 541 2148; x_wconf 92' lang='lat' dir='ltr'><strong>scilicet</strong></span> <span class='ocrx_word' id='word_1_198' title='bbox 560 2087 769 2164; x_wconf 87' lang='lat' dir='ltr'><strong>temporibus,</strong></span> <span class='ocrx_word' id='word_1_199' title='bbox 786 2104 843 2164; x_wconf 92' lang='lat' dir='ltr'><strong>per</strong></span> <span class='ocrx_word' id='word_1_200' title='bbox 856 2085 971 2148; x_wconf 90' lang='lat' dir='ltr'><strong>Christi</strong></span> <span class='ocrx_word' id='word_1_201' title='bbox 987 2087 1129 2164; x_wconf 89' lang='lat' dir='ltr'><strong>spiritum</strong></span> <span class='ocrx_word' id='word_1_202' title='bbox 1147 2088 1180 2146; x_wconf 93' lang='lat' dir='ltr'><strong>in</strong></span> <span class='ocrx_word' id='word_1_203' title='bbox 1194 2086 1254 2146; x_wconf 91' lang='lat' dir='ltr'><strong>hoc</strong></span> <span class='ocrx_word' id='word_1_204' title='bbox 1272 2088 1341 2164; x_wconf 91' lang='lat' dir='ltr'><strong>ipso</strong></span> <span class='ocrx_word' id='word_1_205' title='bbox 1353 2101 1441 2163; x_wconf 87' lang='lat' dir='ltr'><strong>prae·</strong></span> 
     </span>
     <span class='ocr_line' id='line_1_22' title="bbox 161 2171 1442 2252; baseline -0.004 -15"><span class='ocrx_word' id='word_1_206' title='bbox 161 2180 281 2237; x_wconf 88' lang='lat' dir='ltr'><strong>sentem</strong></span> <span class='ocrx_word' id='word_1_207' title='bbox 303 2190 421 2252; x_wconf 80' lang='lat' dir='ltr'><strong>perque</strong></span> <span class='ocrx_word' id='word_1_208' title='bbox 446 2191 517 2237; x_wconf 86' lang='lat' dir='ltr'><strong>eum</strong></span> <span class='ocrx_word' id='word_1_209' title='bbox 537 2171 747 2251; x_wconf 74' lang='lat' dir='ltr'><strong>loquentem.2</strong></span> <span class='ocrx_word' id='word_1_210' title='bbox 792 2173 908 2248; x_wconf 77' lang='lat' dir='ltr'><strong>Quibus</strong></span> <span class='ocrx_word' id='word_1_211' title='bbox 932 2175 1097 2251; x_wconf 90' lang='lat' dir='ltr'><strong>quominus</strong></span> <span class='ocrx_word' id='word_1_212' title='bbox 1121 2173 1327 2235; x_wconf 86' lang='lat' dir='ltr'><strong>assentiamur</strong></span> <span class='ocrx_word' id='word_1_213' title='bbox 1353 2171 1442 2250; x_wconf 83' lang='lat' dir='ltr'><strong>plura</strong></span> 
     </span>
     <span class='ocr_line' id='line_1_23' title="bbox 161 2245 1442 2341; baseline -0.002 -18"><span class='ocrx_word' id='word_1_214' title='bbox 161 2262 298 2332; x_wconf 87' lang='lat' dir='ltr'><strong>obstant,</strong></span> <span class='ocrx_word' id='word_1_215' title='bbox 323 2277 402 2337; x_wconf 90' lang='lat' dir='ltr'><strong>quae</strong></span> <span class='ocrx_word' id='word_1_216' title='bbox 430 2261 538 2337; x_wconf 87' lang='lat' dir='ltr'><strong>paucis</strong></span> <span class='ocrx_word' id='word_1_217' title='bbox 561 2259 791 2323; x_wconf 79' lang='lat' dir='ltr'><strong>absolvamus.³</strong></span> <span class='ocrx_word' id='word_1_218' title='bbox 826 2260 870 2320; x_wconf 87' lang='lat' dir='ltr'><strong>De</strong></span> <span class='ocrx_word' id='word_1_219' title='bbox 893 2260 923 2319; x_wconf 87' lang='lat' dir='ltr'><strong>vi</strong></span> <span class='ocrx_word' id='word_1_220' title='bbox 947 2276 1037 2337; x_wconf 91' lang='lat' dir='ltr'><strong>quam</strong></span> <span class='ocrx_word' id='word_1_221' title='bbox 1059 2258 1142 2320; x_wconf 86' lang='lat' dir='ltr'><strong>istud</strong></span> <span class='ocrx_word' id='word_1_222' title='bbox 1164 2258 1195 2318; x_wconf 77' lang='grc' dir='ltr'><strong>ἐν</strong></span> <span class='ocrx_word' id='word_1_223' title='bbox 1217 2245 1312 2341; x_wconf 56' lang='lat' dir='ltr'><strong>dael</strong></span> <span class='ocrx_word' id='word_1_224' title='bbox 1327 2258 1442 2320; x_wconf 85' lang='lat' dir='ltr'><strong>hahere</strong></span> 
     </span>
     <span class='ocr_line' id='line_1_24' title="bbox 162 2344 1443 2424; baseline -0.002 -15"><span class='ocrx_word' id='word_1_225' title='bbox 162 2347 320 2409; x_wconf 90' lang='lat' dir='ltr'><strong>videretur</strong></span> <span class='ocrx_word' id='word_1_226' title='bbox 343 2362 439 2424; x_wconf 89' lang='lat' dir='ltr'><strong>supra</strong></span> <span class='ocrx_word' id='word_1_227' title='bbox 453 2345 684 2422; x_wconf 84' lang='lat' dir='ltr'><strong>disputavimus.</strong></span> <span class='ocrx_word' id='word_1_228' title='bbox 713 2345 779 2420; x_wconf 76' lang='lat' dir='ltr'><strong>Qua</strong></span> <span class='ocrx_word' id='word_1_229' title='bbox 795 2344 832 2406; x_wconf 94' lang='lat' dir='ltr'><strong>de</strong></span> <span class='ocrx_word' id='word_1_230' title='bbox 848 2363 883 2405; x_wconf 90' lang='lat' dir='ltr'><strong>re</strong></span> <span class='ocrx_word' id='word_1_231' title='bbox 900 2344 1065 2422; x_wconf 90' lang='lat' dir='ltr'><strong>disceptari</strong></span> <span class='ocrx_word' id='word_1_232' title='bbox 1081 2361 1175 2422; x_wconf 92' lang='lat' dir='ltr'><strong>posse</strong></span> <span class='ocrx_word' id='word_1_233' title='bbox 1194 2361 1263 2406; x_wconf 91' lang='lat' dir='ltr'><strong>cum</strong></span> <span class='ocrx_word' id='word_1_234' title='bbox 1278 2345 1368 2406; x_wconf 83' lang='lat' dir='ltr'><strong>facile</strong></span> <span class='ocrx_word' id='word_1_235' title='bbox 1384 2344 1443 2406; x_wconf 86' lang='lat' dir='ltr'><strong>lar-</strong></span> 
     </span>
     <span class='ocr_line' id='line_1_25' title="bbox 160 2428 1442 2511; baseline 0 -18"><span class='ocrx_word' id='word_1_236' title='bbox 160 2435 294 2511; x_wconf 74' lang='lat' dir='ltr'><strong>giamur,</strong></span> <span class='ocrx_word' id='word_1_237' title='bbox 312 2431 350 2492; x_wconf 95' lang='lat' dir='ltr'><strong>ad</strong></span> <span class='ocrx_word' id='word_1_238' title='bbox 366 2448 433 2492; x_wconf 90' lang='lat' dir='ltr'><strong>cam</strong></span> <span class='ocrx_word' id='word_1_239' title='bbox 449 2449 528 2509; x_wconf 88' lang='lat' dir='ltr'><strong>quae</strong></span> <span class='ocrx_word' id='word_1_240' title='bbox 550 2434 626 2492; x_wconf 91' lang='lat' dir='ltr'><strong>insit</strong></span> <span class='ocrx_word' id='word_1_241' title='bbox 640 2432 743 2493; x_wconf 66' lang='lat' dir='ltr'><strong>rverho</strong></span> <span class='ocrx_word' id='word_1_242' title='bbox 766 2428 916 2508; x_wconf 76' lang='grc' dir='ltr'><strong><em>πνεύματι</em></strong></span> <span class='ocrx_word' id='word_1_243' title='bbox 940 2434 1098 2492; x_wconf 91' lang='lat' dir='ltr'><strong>notionem</strong></span> <span class='ocrx_word' id='word_1_244' title='bbox 1112 2434 1245 2509; x_wconf 89' lang='lat' dir='ltr'><strong>primum</strong></span> <span class='ocrx_word' id='word_1_245' title='bbox 1259 2447 1442 2493; x_wconf 84' lang='lat' dir='ltr'><strong>revocamus</strong></span> 
     </span>
     <span class='ocr_line' id='line_1_26' title="bbox 162 2517 1442 2596; baseline -0.001 -17"><span class='ocrx_word' id='word_1_246' title='bbox 162 2519 255 2581; x_wconf 90' lang='lat' dir='ltr'><strong>litem.</strong></span> <span class='ocrx_word' id='word_1_247' title='bbox 290 2518 352 2578; x_wconf 88' lang='lat' dir='ltr'><strong>ilac</strong></span> <span class='ocrx_word' id='word_1_248' title='bbox 371 2518 497 2578; x_wconf 74' lang='lat' dir='ltr'><strong>nodone</strong></span> <span class='ocrx_word' id='word_1_249' title='bbox 520 2519 574 2596; x_wconf 93' lang='lat' dir='ltr'><strong>qui</strong></span> <span class='ocrx_word' id='word_1_250' title='bbox 590 2517 721 2579; x_wconf 87' lang='lat' dir='ltr'><strong>diuinam</strong></span> <span class='ocrx_word' id='word_1_251' title='bbox 736 2518 851 2579; x_wconf 89' lang='lat' dir='ltr'><strong>Christi</strong></span> <span class='ocrx_word' id='word_1_252' title='bbox 865 2522 1004 2578; x_wconf 87' lang='lat' dir='ltr'><strong>naturam</strong></span> <span class='ocrx_word' id='word_1_253' title='bbox 1019 2519 1188 2595; x_wconf 80' lang='lat' dir='ltr'><strong>significari</strong></span> <span class='ocrx_word' id='word_1_254' title='bbox 1206 2523 1336 2580; x_wconf 90' lang='lat' dir='ltr'><strong>censent</strong></span> <span class='ocrx_word' id='word_1_255' title='bbox 1355 2518 1442 2595; x_wconf 73' lang='lat' dir='ltr'><strong>(tlar-</strong></span> 
     </span>
     <span class='ocr_line' id='line_1_27' title="bbox 161 2592 1445 2686; baseline -0.003 -18"><span class='ocrx_word' id='word_1_256' title='bbox 161 2605 238 2668; x_wconf 91' lang='lat' dir='ltr'><strong>hard</strong></span> <span class='ocrx_word' id='word_1_257' title='bbox 253 2605 369 2666; x_wconf 89' lang='lat' dir='ltr'><strong>Comm.</strong></span> <span class='ocrx_word' id='word_1_258' title='bbox 392 2622 425 2682; x_wconf 92' lang='lat' dir='ltr'><strong>p.</strong></span> <span class='ocrx_word' id='word_1_259' title='bbox 434 2605 506 2669; x_wconf 83' lang='lat'><strong>453.</strong></span> <span class='ocrx_word' id='word_1_260' title='bbox 529 2604 684 2666; x_wconf 88' lang='lat' dir='ltr'><strong>Pistorius</strong></span> <span class='ocrx_word' id='word_1_261' title='bbox 707 2606 725 2664; x_wconf 88' lang='grc' dir='ltr'><strong>Ι.</strong></span> <span class='ocrx_word' id='word_1_262' title='bbox 741 2605 759 2670; x_wconf 88' lang='lat' dir='ltr'><strong>l.</strong></span> <span class='ocrx_word' id='word_1_263' title='bbox 775 2623 806 2684; x_wconf 93' lang='lat' dir='ltr'><strong>p.</strong></span> <span class='ocrx_word' id='word_1_264' title='bbox 823 2605 871 2668; x_wconf 79' lang='lat'><strong>12.</strong></span> <span class='ocrx_word' id='word_1_265' title='bbox 889 2604 940 2681; x_wconf 88' lang='lat' dir='ltr'><strong>al.)</strong></span> <span class='ocrx_word' id='word_1_266' title='bbox 957 2620 1020 2665; x_wconf 93' lang='lat' dir='ltr'><strong>non</strong></span> <span class='ocrx_word' id='word_1_267' title='bbox 1040 2605 1193 2665; x_wconf 87' lang='lat' dir='ltr'><strong>immerito</strong></span> <span class='ocrx_word' id='word_1_268' title='bbox 1214 2606 1299 2666; x_wconf 91' lang='lat' dir='ltr'><strong>istud</strong></span> <span class='ocrx_word' id='word_1_269' title='bbox 1314 2602 1346 2664; x_wconf 76' lang='grc' dir='ltr'><strong>ἐν</strong></span> <span class='ocrx_word' id='word_1_270' title='bbox 1361 2592 1386 2686; x_wconf 74' lang='lat' dir='ltr'><strong>qi</strong></span> <span class='ocrx_word' id='word_1_271' title='bbox 1402 2606 1445 2664; x_wconf 90' lang='lat' dir='ltr'><strong>ita</strong></span> 
     </span>
     <span class='ocr_line' id='line_1_28' title="bbox 162 2688 1443 2770; baseline -0.001 -17"><span class='ocrx_word' id='word_1_272' title='bbox 162 2693 349 2770; x_wconf 85' lang='lat' dir='ltr'><strong>acceperint,</strong></span> <span class='ocrx_word' id='word_1_273' title='bbox 372 2696 407 2751; x_wconf 93' lang='lat' dir='ltr'><strong>ut</strong></span> <span class='ocrx_word' id='word_1_274' title='bbox 429 2688 671 2769; x_wconf 81' lang='lat' dir='ltr'><strong>adjungerentur</strong></span> <span class='ocrx_word' id='word_1_275' title='bbox 692 2708 770 2769; x_wconf 91' lang='lat' dir='ltr'><strong>quae</strong></span> <span class='ocrx_word' id='word_1_276' title='bbox 794 2690 896 2752; x_wconf 87' lang='lat' dir='ltr'><strong>diuino</strong></span> <span class='ocrx_word' id='word_1_277' title='bbox 920 2692 971 2752; x_wconf 93' lang='lat' dir='ltr'><strong>isti</strong></span> <span class='ocrx_word' id='word_1_278' title='bbox 994 2693 1024 2751; x_wconf 90' lang='lat' dir='ltr'><strong>in</strong></span> <span class='ocrx_word' id='word_1_279' title='bbox 1050 2690 1173 2752; x_wconf 91' lang='lat' dir='ltr'><strong>Christo</strong></span> <span class='ocrx_word' id='word_1_280' title='bbox 1189 2693 1313 2769; x_wconf 87' lang='lat' dir='ltr'><strong>spiritui</strong></span> <span class='ocrx_word' id='word_1_281' title='bbox 1333 2706 1443 2768; x_wconf 88' lang='lat' dir='ltr'><strong>perse</strong></span> 
     </span>
     <span class='ocr_line' id='line_1_29' title="bbox 162 2775 1444 2856; baseline -0.002 -17"><span class='ocrx_word' id='word_1_282' title='bbox 162 2782 303 2856; x_wconf 90' lang='lat' dir='ltr'><strong>spectato</strong></span> <span class='ocrx_word' id='word_1_283' title='bbox 329 2777 492 2836; x_wconf 85' lang='lat' dir='ltr'><strong>tribuenda</strong></span> <span class='ocrx_word' id='word_1_284' title='bbox 507 2785 628 2850; x_wconf 89' lang='lat' dir='ltr'><strong>essent,</strong></span> <span class='ocrx_word' id='word_1_285' title='bbox 652 2785 741 2854; x_wconf 82' lang='lat' dir='ltr'><strong>gesta</strong></span> <span class='ocrx_word' id='word_1_286' title='bbox 759 2780 894 2838; x_wconf 85' lang='lat' dir='ltr'><strong>fortasse</strong></span> <span class='ocrx_word' id='word_1_287' title='bbox 917 2779 1009 2838; x_wconf 89' lang='lat' dir='ltr'><strong>etiam</strong></span> <span class='ocrx_word' id='word_1_288' title='bbox 1025 2783 1096 2838; x_wconf 88' lang='lat' dir='ltr'><strong>ante</strong></span> <span class='ocrx_word' id='word_1_289' title='bbox 1113 2794 1204 2855; x_wconf 90' lang='lat' dir='ltr'><strong>quam</strong></span> <span class='ocrx_word' id='word_1_290' title='bbox 1223 2795 1291 2838; x_wconf 90' lang='lat' dir='ltr'><strong>cum</strong></span> <span class='ocrx_word' id='word_1_291' title='bbox 1312 2775 1444 2837; x_wconf 85' lang='lat' dir='ltr'><strong>humana</strong></span> 
     </span>
     <span class='ocr_line' id='line_1_30' title="bbox 163 2863 1444 2942; baseline -0.002 -18"><span class='ocrx_word' id='word_1_292' title='bbox 163 2865 195 2924; x_wconf 96' lang='lat' dir='ltr'><strong>in</strong></span> <span class='ocrx_word' id='word_1_293' title='bbox 216 2864 294 2924; x_wconf 83' lang='lat' dir='ltr'><strong>Jesu</strong></span> <span class='ocrx_word' id='word_1_294' title='bbox 317 2867 427 2923; x_wconf 88' lang='lat' dir='ltr'><strong>natura</strong></span> <span class='ocrx_word' id='word_1_295' title='bbox 445 2879 479 2923; x_wconf 93' lang='lat' dir='ltr'><strong>se</strong></span> <span class='ocrx_word' id='word_1_296' title='bbox 490 2865 663 2942; x_wconf 82' lang='lat' dir='ltr'><strong>junxisset,</strong></span> <span class='ocrx_word' id='word_1_297' title='bbox 686 2863 943 2941; x_wconf 91' lang='lat' dir='ltr'><strong>quemadmodum</strong></span> <span class='ocrx_word' id='word_1_298' title='bbox 956 2864 982 2937; x_wconf 91' lang='lat' dir='ltr'><strong>l,</strong></span> <span class='ocrx_word' id='word_1_299' title='bbox 998 2866 1033 2925; x_wconf 91' lang='lat' dir='ltr'><strong>ll</strong></span> <span class='ocrx_word' id='word_1_300' title='bbox 1059 2863 1096 2923; x_wconf 87' lang='lat' dir='ltr'><strong>ab</strong></span> <span class='ocrx_word' id='word_1_301' title='bbox 1113 2864 1183 2941; x_wconf 76' lang='lat' dir='ltr'><strong>ip‘so</strong></span> <span class='ocrx_word' id='word_1_302' title='bbox 1198 2864 1291 2925; x_wconf 90' lang='lat' dir='ltr'><strong>Petro</strong></span> <span class='ocrx_word' id='word_1_303' title='bbox 1308 2864 1444 2924; x_wconf 82' lang='lat' dir='ltr'><strong>refertur</strong></span> 
     </span>
     <span class='ocr_line' id='line_1_31' title="bbox 165 2949 1441 3029; baseline 0 -19"><span class='ocrx_word' id='word_1_304' title='bbox 165 2951 300 3011; x_wconf 84' lang='lat' dir='ltr'><strong>divinum</strong></span> <span class='ocrx_word' id='word_1_305' title='bbox 320 2955 351 3008; x_wconf 93' lang='lat' dir='ltr'><strong>et</strong></span> <span class='ocrx_word' id='word_1_306' title='bbox 369 2954 527 3010; x_wconf 86' lang='lat' dir='ltr'><strong>aeternum</strong></span> <span class='ocrx_word' id='word_1_307' title='bbox 548 2949 662 3011; x_wconf 87' lang='lat' dir='ltr'><strong>Christi</strong></span> <span class='ocrx_word' id='word_1_308' title='bbox 679 2953 821 3027; x_wconf 90' lang='lat' dir='ltr'><strong>spirltum</strong></span> <span class='ocrx_word' id='word_1_309' title='bbox 842 2967 900 3029; x_wconf 91' lang='lat' dir='ltr'><strong>per</strong></span> <span class='ocrx_word' id='word_1_310' title='bbox 917 2950 1087 3028; x_wconf 91' lang='lat' dir='ltr'><strong>prophetas</strong></span> <span class='ocrx_word' id='word_1_311' title='bbox 1109 2951 1183 3010; x_wconf 89' lang='lat' dir='ltr'><strong>olim</strong></span> <span class='ocrx_word' id='word_1_312' title='bbox 1206 2950 1342 3010; x_wconf 90' lang='lat' dir='ltr'><strong>locutum</strong></span> <span class='ocrx_word' id='word_1_313' title='bbox 1359 2965 1441 3011; x_wconf 91' lang='lat' dir='ltr'><strong>esse.</strong></span> 
     </span>
     <span class='ocr_line' id='line_1_32' title="bbox 166 3030 1445 3115; baseline 0.001 -20"><span class='ocrx_word' id='word_1_314' title='bbox 166 3036 224 3111; x_wconf 77' lang='lat' dir='ltr'><strong>Qui</strong></span> <span class='ocrx_word' id='word_1_315' title='bbox 242 3052 318 3098; x_wconf 82' lang='lat' dir='ltr'><strong>vero</strong></span> <span class='ocrx_word' id='word_1_316' title='bbox 340 3035 501 3096; x_wconf 85' lang='lat' dir='ltr'><strong>nobiscum</strong></span> <span class='ocrx_word' id='word_1_317' title='bbox 525 3042 666 3098; x_wconf 88' lang='lat' dir='ltr'><strong>statuunt</strong></span> <span class='ocrx_word' id='word_1_318' title='bbox 692 3031 842 3115; x_wconf 71' lang='grc' dir='ltr'><strong>πνεύματι</strong></span> <span class='ocrx_word' id='word_1_319' title='bbox 866 3053 928 3114; x_wconf 91' lang='lat' dir='ltr'><strong>non</strong></span> <span class='ocrx_word' id='word_1_320' title='bbox 950 3052 1045 3114; x_wconf 91' lang='lat' dir='ltr'><strong>posse</strong></span> <span class='ocrx_word' id='word_1_321' title='bbox 1069 3053 1132 3096; x_wconf 92' lang='lat' dir='ltr'><strong>non</strong></span> <span class='ocrx_word' id='word_1_322' title='bbox 1154 3035 1191 3096; x_wconf 91' lang='lat' dir='ltr'><strong>dc</strong></span> <span class='ocrx_word' id='word_1_323' title='bbox 1214 3037 1309 3104; x_wconf 90' lang='lat' dir='ltr'><strong>altera</strong></span> <span class='ocrx_word' id='word_1_324' title='bbox 1331 3030 1445 3098; x_wconf 79' lang='lat' dir='ltr'><strong>Christi</strong></span> 
     </span>
     <span class='ocr_line' id='line_1_33' title="bbox 166 3110 1444 3202; baseline 0 -21"><span class='ocrx_word' id='word_1_325' title='bbox 166 3123 279 3200; x_wconf 91' lang='lat' dir='ltr'><strong>quippe</strong></span> <span class='ocrx_word' id='word_1_326' title='bbox 303 3110 531 3182; x_wconf 75' lang='lat' dir='ltr'><strong>hominis&#39;iacti</strong></span> <span class='ocrx_word' id='word_1_327' title='bbox 555 3125 643 3201; x_wconf 88' lang='lat' dir='ltr'><strong>quasi</strong></span> <span class='ocrx_word' id='word_1_328' title='bbox 666 3128 754 3202; x_wconf 89' lang='lat' dir='ltr'><strong>parte</strong></span> <span class='ocrx_word' id='word_1_329' title='bbox 776 3123 918 3198; x_wconf 84' lang='lat' dir='ltr'><strong>intelligi,</strong></span> <span class='ocrx_word' id='word_1_330' title='bbox 943 3141 979 3183; x_wconf 85' lang='lat' dir='ltr'><strong>ex</strong></span> <span class='ocrx_word' id='word_1_331' title='bbox 1002 3139 1063 3199; x_wconf 89' lang='lat' dir='ltr'><strong>qua</strong></span> <span class='ocrx_word' id='word_1_332' title='bbox 1086 3122 1208 3183; x_wconf 91' lang='lat' dir='ltr'><strong>demum</strong></span> <span class='ocrx_word' id='word_1_333' title='bbox 1222 3125 1303 3184; x_wconf 88' lang='lat' dir='ltr'><strong>vitae</strong></span> <span class='ocrx_word' id='word_1_334' title='bbox 1327 3127 1359 3183; x_wconf 91' lang='lat' dir='ltr'><strong>et</strong></span> <span class='ocrx_word' id='word_1_335' title='bbox 1380 3121 1444 3200; x_wconf 81' lang='lat' dir='ltr'><strong>glo·</strong></span> 
     </span>
     <span class='ocr_line' id='line_1_34' title="bbox 166 3208 1444 3287; baseline 0.001 -20"><span class='ocrx_word' id='word_1_336' title='bbox 166 3211 230 3269; x_wconf 89' lang='lat' dir='ltr'><strong>riae</strong></span> <span class='ocrx_word' id='word_1_337' title='bbox 254 3214 398 3269; x_wconf 86' lang='lat' dir='ltr'><strong>aeternae</strong></span> <span class='ocrx_word' id='word_1_338' title='bbox 420 3224 497 3269; x_wconf 88' lang='lat' dir='ltr'><strong>usus</strong></span> <span class='ocrx_word' id='word_1_339' title='bbox 521 3216 553 3269; x_wconf 91' lang='lat' dir='ltr'><strong>et</strong></span> <span class='ocrx_word' id='word_1_340' title='bbox 573 3211 693 3270; x_wconf 83' lang='lat' dir='ltr'><strong>fructus</strong></span> <span class='ocrx_word' id='word_1_341' title='bbox 716 3215 871 3287; x_wconf 90' lang='lat' dir='ltr'><strong>competat</strong></span> <span class='ocrx_word' id='word_1_342' title='bbox 892 3209 1041 3270; x_wconf 90' lang='lat' dir='ltr'><strong>humanae</strong></span> <span class='ocrx_word' id='word_1_343' title='bbox 1065 3211 1163 3285; x_wconf 90' lang='lat' dir='ltr'><strong>ipsius</strong></span> <span class='ocrx_word' id='word_1_344' title='bbox 1186 3215 1329 3282; x_wconf 90' lang='lat' dir='ltr'><strong>naturae,</strong></span> <span class='ocrx_word' id='word_1_345' title='bbox 1352 3208 1444 3270; x_wconf 91' lang='lat' dir='ltr'><strong>licen-</strong></span> 
     </span>
     <span class='ocr_line' id='line_1_35' title="bbox 164 3293 1445 3375; baseline 0.002 -23"><span class='ocrx_word' id='word_1_346' title='bbox 164 3295 207 3354; x_wconf 85' lang='lat' dir='ltr'><strong>tia</strong></span> <span class='ocrx_word' id='word_1_347' title='bbox 228 3310 360 3372; x_wconf 89' lang='lat' dir='ltr'><strong>prorsus</strong></span> <span class='ocrx_word' id='word_1_348' title='bbox 381 3293 485 3355; x_wconf 76' lang='lat' dir='ltr'><strong>illicita</strong></span> <span class='ocrx_word' id='word_1_349' title='bbox 508 3301 652 3367; x_wconf 86' lang='lat' dir='ltr'><strong>utuntur,</strong></span> <span class='ocrx_word' id='word_1_350' title='bbox 676 3297 824 3356; x_wconf 91' lang='lat' dir='ltr'><strong>continuo</strong></span> <span class='ocrx_word' id='word_1_351' title='bbox 847 3301 956 3356; x_wconf 90' lang='lat' dir='ltr'><strong>tenore</strong></span> <span class='ocrx_word' id='word_1_352' title='bbox 979 3295 1016 3355; x_wconf 93' lang='lat' dir='ltr'><strong>de</strong></span> <span class='ocrx_word' id='word_1_353' title='bbox 1039 3297 1149 3375; x_wconf 89' lang='lat' dir='ltr'><strong>spiritu</strong></span> <span class='ocrx_word' id='word_1_354' title='bbox 1172 3295 1286 3356; x_wconf 91' lang='lat' dir='ltr'><strong>Christi</strong></span> <span class='ocrx_word' id='word_1_355' title='bbox 1309 3297 1359 3372; x_wconf 83' lang='lat' dir='ltr'><strong>agi</strong></span> <span class='ocrx_word' id='word_1_356' title='bbox 1381 3296 1445 3372; x_wconf 93' lang='lat' dir='ltr'><strong>opi-</strong></span> 
     </span>
     <span class='ocr_line' id='line_1_36' title="bbox 164 3379 1445 3459; baseline 0.002 -20"><span class='ocrx_word' id='word_1_357' title='bbox 164 3385 273 3439; x_wconf 87' lang='lat' dir='ltr'><strong>nantes</strong></span> <span class='ocrx_word' id='word_1_358' title='bbox 296 3381 346 3439; x_wconf 90' lang='lat' dir='ltr'><strong>cui</strong></span> <span class='ocrx_word' id='word_1_359' title='bbox 367 3380 442 3442; x_wconf 90' lang='lat' dir='ltr'><strong>nihil</strong></span> <span class='ocrx_word' id='word_1_360' title='bbox 463 3387 528 3441; x_wconf 87' lang='lat' dir='ltr'><strong>tum</strong></span> <span class='ocrx_word' id='word_1_361' title='bbox 550 3398 619 3442; x_wconf 92' lang='lat' dir='ltr'><strong>cum</strong></span> <span class='ocrx_word' id='word_1_362' title='bbox 636 3381 750 3442; x_wconf 78' lang='lat' dir='ltr'><strong>Christi</strong></span> <span class='ocrx_word' id='word_1_363' title='bbox 773 3381 905 3442; x_wconf 90' lang='lat' dir='ltr'><strong>humana</strong></span> <span class='ocrx_word' id='word_1_364' title='bbox 923 3386 1033 3442; x_wconf 88' lang='lat' dir='ltr'><strong>natura</strong></span> <span class='ocrx_word' id='word_1_365' title='bbox 1056 3379 1168 3442; x_wconf 91' lang='lat' dir='ltr'><strong>nedum</strong></span> <span class='ocrx_word' id='word_1_366' title='bbox 1188 3399 1257 3445; x_wconf 91' lang='lat' dir='ltr'><strong>cum</strong></span> <span class='ocrx_word' id='word_1_367' title='bbox 1274 3381 1445 3459; x_wconf 85' lang='lat' dir='ltr'><strong>glorificato</strong></span> 
     </span>
     <span class='ocr_line' id='line_1_37' title="bbox 166 3465 1445 3546; baseline 0.01 -22"><span class='ocrx_word' id='word_1_368' title='bbox 166 3465 233 3545; x_wconf 69' lang='lat' dir='ltr'><strong>ejus</strong></span> <span class='ocrx_word' id='word_1_369' title='bbox 257 3469 340 3525; x_wconf 91' lang='lat' dir='ltr'><strong>statu</strong></span> <span class='ocrx_word' id='word_1_370' title='bbox 361 3467 456 3528; x_wconf 88' lang='lat' dir='ltr'><strong>fuerit</strong></span> <span class='ocrx_word' id='word_1_371' title='bbox 477 3468 646 3545; x_wconf 79' lang='lat' dir='ltr'><strong>negotium.</strong></span> <span class='ocrx_word' id='word_1_372' title='bbox 680 3467 867 3544; x_wconf 81' lang='lat' dir='ltr'><strong>Ahlegamur</strong></span> <span class='ocrx_word' id='word_1_373' title='bbox 886 3466 1010 3546; x_wconf 91' lang='lat' dir='ltr'><strong>quidem</strong></span> <span class='ocrx_word' id='word_1_374' title='bbox 1032 3484 1102 3529; x_wconf 93' lang='lat' dir='ltr'><strong>cum</strong></span> <span class='ocrx_word' id='word_1_375' title='bbox 1121 3467 1250 3546; x_wconf 89' lang='lat' dir='ltr'><strong>quadam</strong></span> <span class='ocrx_word' id='word_1_376' title='bbox 1273 3469 1341 3529; x_wconf 86' lang='lat' dir='ltr'><strong>reri</strong></span> <span class='ocrx_word' id='word_1_377' title='bbox 1363 3468 1445 3537; x_wconf 75' lang='lat' dir='ltr'><strong>sititi-</strong></span> 
     </span>
     <span class='ocr_line' id='line_1_38' title="bbox 163 3545 1446 3633; baseline 0.002 -22"><span class='ocrx_word' id='word_1_378' title='bbox 163 3549 292 3622; x_wconf 79' lang='lat' dir='ltr'><strong>titudine</strong></span> <span class='ocrx_word' id='word_1_379' title='bbox 312 3550 349 3612; x_wconf 88' lang='lat' dir='ltr'><strong>ad</strong></span> <span class='ocrx_word' id='word_1_380' title='bbox 372 3567 480 3614; x_wconf 90' lang='lat' dir='ltr'><strong>omnes</strong></span> <span class='ocrx_word' id='word_1_381' title='bbox 503 3569 559 3615; x_wconf 92' lang='lat' dir='ltr'><strong>eos</strong></span> <span class='ocrx_word' id='word_1_382' title='bbox 582 3552 683 3626; x_wconf 92' lang='lat' dir='ltr'><strong>locos,</strong></span> <span class='ocrx_word' id='word_1_383' title='bbox 707 3553 873 3631; x_wconf 84' lang='lat' dir='ltr'><strong>inquibus</strong></span> <span class='ocrx_word' id='word_1_384' title='bbox 897 3545 1038 3616; x_wconf 83' lang='lat' dir='ltr'><strong>Christus</strong></span> <span class='ocrx_word' id='word_1_385' title='bbox 1062 3557 1190 3633; x_wconf 87' lang='lat' dir='ltr'><strong>spiritus</strong></span> <span class='ocrx_word' id='word_1_386' title='bbox 1212 3555 1391 3621; x_wconf 82' lang='lat' dir='ltr'><strong>testimonio</strong></span> <span class='ocrx_word' id='word_1_387' title='bbox 1414 3558 1446 3617; x_wconf 90' lang='lat' dir='ltr'><strong>et</strong></span> 
     </span>
     <span class='ocr_line' id='line_1_39' title="bbox 164 3637 1444 3720; baseline -0.001 -17"><span class='ocrx_word' id='word_1_388' title='bbox 164 3637 362 3717; x_wconf 79' lang='lat' dir='ltr'><strong>operariae</strong></span> <span class='ocrx_word' id='word_1_389' title='bbox 384 3653 461 3700; x_wconf 87' lang='lat' dir='ltr'><strong>suae</strong></span> <span class='ocrx_word' id='word_1_390' title='bbox 483 3645 684 3719; x_wconf 88' lang='lat' dir='ltr'><strong>recuperatae</strong></span> <span class='ocrx_word' id='word_1_391' title='bbox 707 3641 768 3701; x_wconf 89' lang='lat' dir='ltr'><strong>vim</strong></span> <span class='ocrx_word' id='word_1_392' title='bbox 795 3641 826 3700; x_wconf 94' lang='lat' dir='ltr'><strong>in</strong></span> <span class='ocrx_word' id='word_1_393' title='bbox 849 3639 991 3702; x_wconf 91' lang='lat' dir='ltr'><strong>homines</strong></span> <span class='ocrx_word' id='word_1_394' title='bbox 1014 3644 1192 3703; x_wconf 84' lang='lat' dir='ltr'><strong>exseruisse</strong></span> <span class='ocrx_word' id='word_1_395' title='bbox 1214 3639 1332 3702; x_wconf 88' lang='lat' dir='ltr'><strong>dicatur</strong></span> <span class='ocrx_word' id='word_1_396' title='bbox 1353 3640 1444 3720; x_wconf 77' lang='lat' dir='ltr'><strong>(Bes</strong></span> 
     </span>
     <span class='ocr_line' id='line_1_40' title="bbox 165 3722 1445 3807; baseline 0.002 -23"><span class='ocrx_word' id='word_1_397' title='bbox 165 3740 217 3785; x_wconf 90' lang='lat' dir='ltr'><strong>ser</strong></span> <span class='ocrx_word' id='word_1_398' title='bbox 238 3722 257 3787; x_wconf 92' lang='lat' dir='ltr'><strong>l.</strong></span> <span class='ocrx_word' id='word_1_399' title='bbox 275 3723 295 3786; x_wconf 93' lang='lat' dir='ltr'><strong>l.</strong></span> <span class='ocrx_word' id='word_1_400' title='bbox 318 3741 348 3800; x_wconf 91' lang='lat' dir='ltr'><strong>p.</strong></span> <span class='ocrx_word' id='word_1_401' title='bbox 371 3723 460 3800; x_wconf 78' lang='lat'><strong>260).</strong></span> <span class='ocrx_word' id='word_1_402' title='bbox 506 3725 575 3800; x_wconf 74' lang='lat' dir='ltr'><strong>Quo</strong></span> <span class='ocrx_word' id='word_1_403' title='bbox 596 3726 719 3803; x_wconf 91' lang='lat' dir='ltr'><strong>quidem</strong></span> <span class='ocrx_word' id='word_1_404' title='bbox 742 3728 921 3788; x_wconf 91' lang='lat' dir='ltr'><strong>testimonio</strong></span> <span class='ocrx_word' id='word_1_405' title='bbox 951 3726 1206 3807; x_wconf 86' lang='lat' dir='ltr'><strong>quemadmodum</strong></span> <span class='ocrx_word' id='word_1_406' title='bbox 1236 3733 1309 3807; x_wconf 91' lang='lat' dir='ltr'><strong>post</strong></span> <span class='ocrx_word' id='word_1_407' title='bbox 1332 3725 1445 3788; x_wconf 88' lang='lat' dir='ltr'><strong>Christi</strong></span> 
     </span>
     <span class='ocr_line' id='line_1_41' title="bbox 165 3809 1445 3894; baseline 0.003 -25"><span class='ocrx_word' id='word_1_408' title='bbox 165 3816 295 3871; x_wconf 91' lang='lat' dir='ltr'><strong>mortem</strong></span> <span class='ocrx_word' id='word_1_409' title='bbox 312 3812 572 3871; x_wconf 86' lang='lat' dir='ltr'><strong>convincerentur</strong></span> <span class='ocrx_word' id='word_1_410' title='bbox 586 3812 743 3887; x_wconf 84' lang='lat' dir='ltr'><strong>infideles,</strong></span> <span class='ocrx_word' id='word_1_411' title='bbox 760 3809 978 3875; x_wconf 89' lang='lat' dir='ltr'><strong>eodemmodo</strong></span> <span class='ocrx_word' id='word_1_412' title='bbox 997 3815 1088 3876; x_wconf 92' lang='lat' dir='ltr'><strong>etiam</strong></span> <span class='ocrx_word' id='word_1_413' title='bbox 1108 3812 1207 3894; x_wconf 59' lang='lat' dir='ltr'><strong>(aceli</strong></span> <span class='ocrx_word' id='word_1_414' title='bbox 1224 3811 1276 3876; x_wconf 93' lang='lat' dir='ltr'><strong>illo</strong></span> <span class='ocrx_word' id='word_1_415' title='bbox 1296 3820 1445 3892; x_wconf 87' lang='lat' dir='ltr'><strong>tempore,</strong></span> 
     </span>
     <span class='ocr_line' id='line_1_42' title="bbox 165 3895 1447 4041; baseline -0.002 -79"><span class='ocrx_word' id='word_1_416' title='bbox 165 3897 278 4041; x_wconf 54' lang='lat' dir='ltr'><strong>quippe</strong></span> <span class='ocrx_word' id='word_1_417' title='bbox 302 3895 385 3976; x_wconf 94' lang='lat' dir='ltr'><strong>quod</strong></span> <span class='ocrx_word' id='word_1_418' title='bbox 407 3904 493 3977; x_wconf 81' lang='lat' dir='ltr'><strong>esset</strong></span> <span class='ocrx_word' id='word_1_419' title='bbox 514 3896 665 3960; x_wconf 90' lang='lat' dir='ltr'><strong>lectorum</strong></span> <span class='ocrx_word' id='word_1_420' title='bbox 688 3915 764 3962; x_wconf 87' lang='lat' dir='ltr'><strong>aeuo</strong></span> <span class='ocrx_word' id='word_1_421' title='bbox 787 3898 990 3973; x_wconf 87' lang='lat' dir='ltr'><strong>simillimum,</strong></span> <span class='ocrx_word' id='word_1_422' title='bbox 1013 3901 1186 3979; x_wconf 86' lang='lat' dir='ltr'><strong>aequalium</strong></span> <span class='ocrx_word' id='word_1_423' title='bbox 1208 3898 1326 3964; x_wconf 84' lang='lat' dir='ltr'><strong>Noachi</strong></span> <span class='ocrx_word' id='word_1_424' title='bbox 1347 3901 1447 3962; x_wconf 90' lang='lat' dir='ltr'><strong>incre·</strong></span> 
     </span>
     <span class='ocr_line' id='line_1_43' title="bbox 187 3979 1448 4064; baseline -0.002 -15"><span class='ocrx_word' id='word_1_425' title='bbox 187 3979 324 4049; x_wconf 72' lang='lat' dir='ltr'><strong>altarem</strong></span> <span class='ocrx_word' id='word_1_426' title='bbox 347 3982 547 4061; x_wconf 76' lang='lat' dir='ltr'><strong>redarguisse</strong></span> <span class='ocrx_word' id='word_1_427' title='bbox 570 3983 725 4048; x_wconf 90' lang='lat' dir='ltr'><strong>Christum</strong></span> <span class='ocrx_word' id='word_1_428' title='bbox 748 3987 850 4063; x_wconf 90' lang='lat' dir='ltr'><strong>ipsum</strong></span> <span class='ocrx_word' id='word_1_429' title='bbox 877 3988 909 4048; x_wconf 90' lang='lat' dir='ltr'><strong>in</strong></span> <span class='ocrx_word' id='word_1_430' title='bbox 932 3987 1044 4064; x_wconf 89' lang='lat' dir='ltr'><strong>spiritu</strong></span> <span class='ocrx_word' id='word_1_431' title='bbox 1071 4005 1130 4050; x_wconf 90' lang='lat' dir='ltr'><strong>suo</strong></span> <span class='ocrx_word' id='word_1_432' title='bbox 1158 3991 1363 4064; x_wconf 81' lang='lat' dir='ltr'><strong>praesentem.</strong></span> <span class='ocrx_word' id='word_1_433' title='bbox 1407 3987 1448 4046; x_wconf 78' lang='lat' dir='ltr'><strong>at</strong></span> 
     </span>
    </p>
   </div>
   <div class='ocr_carea' id='block_1_5' title="bbox 166 4131 1451 4486">
    <p class='ocr_par' dir='ltr' id='par_1_6' title="bbox 166 4131 1451 4486">
     <span class='ocr_line' id='line_1_44' title="bbox 236 4131 1447 4210; baseline 0.007 -28"><span class='ocrx_word' id='word_1_434' title='bbox 236 4136 258 4183; x_wconf 90' lang='lat' dir='ltr'><strong>l.</strong></span> <span class='ocrx_word' id='word_1_435' title='bbox 278 4131 305 4183; x_wconf 91' lang='lat' dir='ltr'><strong>ld</strong></span> <span class='ocrx_word' id='word_1_436' title='bbox 325 4132 395 4200; x_wconf 89' lang='lat' dir='ltr'><strong>quod</strong></span> <span class='ocrx_word' id='word_1_437' title='bbox 414 4137 509 4189; x_wconf 88' lang='lat' dir='ltr'><strong>summi</strong></span> <span class='ocrx_word' id='word_1_438' title='bbox 529 4140 655 4191; x_wconf 91' lang='lat' dir='ltr'><strong>momenti</strong></span> <span class='ocrx_word' id='word_1_439' title='bbox 675 4143 727 4200; x_wconf 88' lang='lat' dir='ltr'><strong>est,</strong></span> <span class='ocrx_word' id='word_1_440' title='bbox 749 4153 808 4191; x_wconf 88' lang='lat' dir='ltr'><strong>cum</strong></span> <span class='ocrx_word' id='word_1_441' title='bbox 828 4139 860 4190; x_wconf 91' lang='lat' dir='ltr'><strong>ab</strong></span> <span class='ocrx_word' id='word_1_442' title='bbox 880 4139 939 4192; x_wconf 89' lang='lat' dir='ltr'><strong>aliis</strong></span> <span class='ocrx_word' id='word_1_443' title='bbox 958 4143 1028 4203; x_wconf 77' lang='lat' dir='ltr'><strong>(ec.</strong></span> <span class='ocrx_word' id='word_1_444' title='bbox 1053 4140 1186 4203; x_wconf 85' lang='lat' dir='ltr'><strong>Guedero)</strong></span> <span class='ocrx_word' id='word_1_445' title='bbox 1208 4153 1275 4210; x_wconf 82' lang='lat' dir='ltr'><strong>quae</strong></span> <span class='ocrx_word' id='word_1_446' title='bbox 1293 4141 1351 4193; x_wconf 77' lang='lat' dir='ltr'><strong>Aci.</strong></span> <span class='ocrx_word' id='word_1_447' title='bbox 1363 4138 1399 4200; x_wconf 88' lang='lat' dir='ltr'><strong>ll,</strong></span> <span class='ocrx_word' id='word_1_448' title='bbox 1415 4139 1447 4191; x_wconf 82' lang='lat' dir='ltr'><strong>tt</strong></span> 
     </span>
     <span class='ocr_line' id='line_1_45' title="bbox 166 4199 1448 4279; baseline 0.004 -26"><span class='ocrx_word' id='word_1_449' title='bbox 166 4199 198 4253; x_wconf 89' lang='lat' dir='ltr'><strong>dc</strong></span> <span class='ocrx_word' id='word_1_450' title='bbox 217 4205 320 4252; x_wconf 79' lang='lat' dir='ltr'><strong>animae.</strong></span> <span class='ocrx_word' id='word_1_451' title='bbox 334 4202 428 4257; x_wconf 83' lang='lat' dir='ltr'><strong>Christi</strong></span> <span class='ocrx_word' id='word_1_452' title='bbox 447 4207 516 4260; x_wconf 90' lang='lat' dir='ltr'><strong>inter</strong></span> <span class='ocrx_word' id='word_1_453' title='bbox 536 4215 654 4261; x_wconf 90' lang='lat' dir='ltr'><strong>mortuos</strong></span> <span class='ocrx_word' id='word_1_454' title='bbox 673 4215 745 4260; x_wconf 87' lang='lat' dir='ltr'><strong>statu</strong></span> <span class='ocrx_word' id='word_1_455' title='bbox 761 4208 884 4260; x_wconf 90' lang='lat' dir='ltr'><strong>dicuntur</strong></span> <span class='ocrx_word' id='word_1_456' title='bbox 897 4210 1047 4279; x_wconf 89' lang='lat' dir='ltr'><strong>importune</strong></span> <span class='ocrx_word' id='word_1_457' title='bbox 1062 4216 1152 4262; x_wconf 88' lang='lat' dir='ltr'><strong>nostro</strong></span> <span class='ocrx_word' id='word_1_458' title='bbox 1168 4209 1228 4260; x_wconf 91' lang='lat' dir='ltr'><strong>loco</strong></span> <span class='ocrx_word' id='word_1_459' title='bbox 1243 4209 1448 4262; x_wconf 80' lang='lat' dir='ltr'><strong>immisceretur.</strong></span> 
     </span>
     <span class='ocr_line' id='line_1_46' title="bbox 167 4268 1433 4347; baseline 0.008 -27"><span class='ocrx_word' id='word_1_460' title='bbox 167 4268 218 4322; x_wconf 78' lang='lat' dir='ltr'><strong>cfr.</strong></span> <span class='ocrx_word' id='word_1_461' title='bbox 239 4277 327 4331; x_wconf 83' lang='lat' dir='ltr'><strong>contra</strong></span> <span class='ocrx_word' id='word_1_462' title='bbox 348 4286 395 4324; x_wconf 89' lang='lat' dir='ltr'><strong>eos</strong></span> <span class='ocrx_word' id='word_1_463' title='bbox 412 4273 584 4330; x_wconf 84' lang='lat' dir='ltr'><strong>Thomasium</strong></span> <span class='ocrx_word' id='word_1_464' title='bbox 602 4277 699 4330; x_wconf 66' lang='lat' dir='ltr'><strong>cirita</strong></span> <span class='ocrx_word' id='word_1_465' title='bbox 717 4279 816 4330; x_wconf 78' lang='lat' dir='ltr'><strong>Parcere</strong></span> <span class='ocrx_word' id='word_1_466' title='bbox 833 4277 889 4329; x_wconf 81' lang='lat' dir='ltr'><strong>uad</strong></span> <span class='ocrx_word' id='word_1_467' title='bbox 907 4280 981 4332; x_wconf 85' lang='lat' dir='ltr'><strong>Werlt</strong></span> <span class='ocrx_word' id='word_1_468' title='bbox 999 4282 1027 4332; x_wconf 84' lang='lat' dir='ltr'><strong>ll</strong></span> <span class='ocrx_word' id='word_1_469' title='bbox 1044 4296 1069 4347; x_wconf 89' lang='lat' dir='ltr'><strong>p.</strong></span> <span class='ocrx_word' id='word_1_470' title='bbox 1081 4281 1132 4332; x_wconf 80' lang='lat'><strong>238</strong></span> <span class='ocrx_word' id='word_1_471' title='bbox 1147 4292 1186 4346; x_wconf 83' lang='lat' dir='ltr'><strong>sq.</strong></span> <span class='ocrx_word' id='word_1_472' title='bbox 1430 4298 1433 4305; x_wconf 86' lang='grc'><em>·</em></span> 
     </span>
     <span class='ocr_line' id='line_1_47' title="bbox 169 4338 1451 4419; baseline 0.007 -30"><span class='ocrx_word' id='word_1_473' title='bbox 169 4409 174 4418; x_wconf 93' lang='lat'><strong>.</strong></span> <span class='ocrx_word' id='word_1_474' title='bbox 235 4341 259 4390; x_wconf 82' lang='grc'><strong>2.</strong></span> <span class='ocrx_word' id='word_1_475' title='bbox 281 4338 317 4390; x_wconf 89' lang='lat' dir='ltr'><strong>lta</strong></span> <span class='ocrx_word' id='word_1_476' title='bbox 332 4341 507 4419; x_wconf 80' lang='lat' dir='ltr'><strong>Augustinus,</strong></span> <span class='ocrx_word' id='word_1_477' title='bbox 521 4345 605 4408; x_wconf 85' lang='lat' dir='ltr'><strong>Beda,</strong></span> <span class='ocrx_word' id='word_1_478' title='bbox 621 4345 736 4400; x_wconf 85' lang='lat' dir='ltr'><strong>Thomas</strong></span> <span class='ocrx_word' id='word_1_479' title='bbox 750 4347 882 4415; x_wconf 77' lang='lat' dir='ltr'><strong>Aquinas,</strong></span> <span class='ocrx_word' id='word_1_480' title='bbox 896 4348 980 4400; x_wconf 85' lang='lat' dir='ltr'><strong>Nicol.</strong></span> <span class='ocrx_word' id='word_1_481' title='bbox 996 4349 1028 4401; x_wconf 88' lang='lat' dir='ltr'><strong>dc</strong></span> <span class='ocrx_word' id='word_1_482' title='bbox 1044 4349 1125 4417; x_wconf 82' lang='lat' dir='ltr'><strong>Lyra,</strong></span> <span class='ocrx_word' id='word_1_483' title='bbox 1142 4347 1224 4409; x_wconf 76' lang='lat' dir='ltr'><strong>Besa,</strong></span> <span class='ocrx_word' id='word_1_484' title='bbox 1243 4347 1304 4401; x_wconf 86' lang='lat' dir='ltr'><strong>Joh.</strong></span> <span class='ocrx_word' id='word_1_485' title='bbox 1320 4344 1451 4408; x_wconf 85' lang='lat' dir='ltr'><strong>Gerhard;</strong></span> 
     </span>
     <span class='ocr_line' id='line_1_48' title="bbox 167 4409 1451 4486; baseline 0.005 -24"><span class='ocrx_word' id='word_1_486' title='bbox 167 4414 235 4462; x_wconf 83' lang='lat' dir='ltr'><strong>tuter</strong></span> <span class='ocrx_word' id='word_1_487' title='bbox 251 4417 381 4461; x_wconf 79' lang='lat' dir='ltr'><strong>nosnatrs</strong></span> <span class='ocrx_word' id='word_1_488' title='bbox 392 4409 523 4468; x_wconf 77' lang='lat' dir='ltr'><strong>Pretorius</strong></span> <span class='ocrx_word' id='word_1_489' title='bbox 534 4417 698 4482; x_wconf 70' lang='lat' dir='ltr'><strong>(threlrrr&#39;st</strong></span> <span class='ocrx_word' id='word_1_490' title='bbox 710 4418 757 4483; x_wconf 78' lang='lat' dir='ltr'><strong>[tir</strong></span> <span class='ocrx_word' id='word_1_491' title='bbox 767 4435 820 4486; x_wconf 72' lang='lat' dir='ltr'><strong>per.</strong></span> <span class='ocrx_word' id='word_1_492' title='bbox 831 4415 936 4472; x_wconf 80' lang='lat' dir='ltr'><strong>letter.</strong></span> <span class='ocrx_word' id='word_1_493' title='bbox 951 4418 1035 4471; x_wconf 82' lang='lat' dir='ltr'><strong>Tleol.</strong></span> <span class='ocrx_word' id='word_1_494' title='bbox 1045 4437 1071 4471; x_wconf 83' lang='lat' dir='ltr'><strong>o.</strong></span> <span class='ocrx_word' id='word_1_495' title='bbox 1082 4417 1180 4469; x_wconf 73' lang='lat' dir='ltr'><strong>littere</strong></span> <span class='ocrx_word' id='word_1_496' title='bbox 1196 4417 1244 4470; x_wconf 85' lang='lat' dir='ltr'><strong>Vll</strong></span> <span class='ocrx_word' id='word_1_497' title='bbox 1251 4457 1258 4481; x_wconf 91' lang='lat'><strong>‚</strong></span> <span class='ocrx_word' id='word_1_498' title='bbox 1277 4421 1300 4469; x_wconf 59' lang='lat'><strong>2⁴</strong></span> <span class='ocrx_word' id='word_1_499' title='bbox 1307 4433 1333 4485; x_wconf 89' lang='lat' dir='ltr'><strong>p.</strong></span> <span class='ocrx_word' id='word_1_500' title='bbox 1345 4421 1360 4470; x_wconf 82' lang='grc'>3</span> <span class='ocrx_word' id='word_1_501' title='bbox 1371 4416 1451 4486; x_wconf 83' lang='lat' dir='ltr'><strong>sqq),</strong></span> 
     </span>
    </p>
   </div>
   <div class='ocr_carea' id='block_1_6' title="bbox 49 4474 1368 4558">
    <p class='ocr_par' dir='ltr' id='par_1_7' title="bbox 49 4474 1368 4558">
     <span class='ocr_line' id='line_1_49' title="bbox 49 4474 1368 4558; baseline 0.011 -33"><span class='ocrx_word' id='word_1_502' title='bbox 49 4519 55 4525; x_wconf 93' lang='lat'><strong>.</strong></span> <span class='ocrx_word' id='word_1_503' title='bbox 167 4474 264 4532; x_wconf 87' lang='lat' dir='ltr'><strong>Besser</strong></span> <span class='ocrx_word' id='word_1_504' title='bbox 281 4479 476 4542; x_wconf 75' lang='lat' dir='ltr'><strong>(Bitelstaedea</strong></span> <span class='ocrx_word' id='word_1_505' title='bbox 501 4483 534 4536; x_wconf 81' lang='lat' dir='ltr'><strong>Vt</strong></span> <span class='ocrx_word' id='word_1_506' title='bbox 553 4501 580 4553; x_wconf 93' lang='lat' dir='ltr'><strong>p.</strong></span> <span class='ocrx_word' id='word_1_507' title='bbox 590 4487 638 4539; x_wconf 82' lang='lat'><strong>261</strong></span> <span class='ocrx_word' id='word_1_508' title='bbox 651 4493 735 4554; x_wconf 81' lang='lat' dir='ltr'><strong>sqq),</strong></span> <span class='ocrx_word' id='word_1_509' title='bbox 754 4485 883 4538; x_wconf 81' lang='lat' dir='ltr'><strong>liolmann</strong></span> <span class='ocrx_word' id='word_1_510' title='bbox 904 4487 1079 4552; x_wconf 68' lang='lat' dir='ltr'><strong>(scta-istim.</strong></span> <span class='ocrx_word' id='word_1_511' title='bbox 1100 4486 1136 4548; x_wconf 86' lang='lat' dir='ltr'><strong>lt,</strong></span> <span class='ocrx_word' id='word_1_512' title='bbox 1154 4491 1167 4540; x_wconf 89' lang='lat'><strong><em>1</em></strong></span> <span class='ocrx_word' id='word_1_513' title='bbox 1187 4501 1213 4556; x_wconf 91' lang='lat' dir='ltr'><strong>p.</strong></span> <span class='ocrx_word' id='word_1_514' title='bbox 1224 4489 1274 4542; x_wconf 84' lang='grc'><strong>336</strong></span> <span class='ocrx_word' id='word_1_515' title='bbox 1290 4488 1368 4558; x_wconf 83' lang='lat' dir='ltr'><strong>sqq).</strong></span> 
     </span>
    </p>
   </div>
   <div class='ocr_carea' id='block_1_7' title="bbox 235 4545 1451 4659">
    <p class='ocr_par' dir='ltr' id='par_1_8' title="bbox 235 4545 1451 4659">
     <span class='ocr_line' id='line_1_50' title="bbox 235 4545 1451 4659; baseline 0.007 -58"><span class='ocrx_word' id='word_1_516' title='bbox 235 4549 260 4601; x_wconf 82' lang='lat'><strong>3.</strong></span> <span class='ocrx_word' id='word_1_517' title='bbox 284 4545 409 4600; x_wconf 78' lang='lat' dir='ltr'><strong>Conferat</strong></span> <span class='ocrx_word' id='word_1_518' title='bbox 433 4563 500 4617; x_wconf 89' lang='lat' dir='ltr'><strong>quae</strong></span> <span class='ocrx_word' id='word_1_519' title='bbox 526 4568 609 4621; x_wconf 88' lang='lat' dir='ltr'><strong>nuper</strong></span> <span class='ocrx_word' id='word_1_520' title='bbox 628 4555 779 4624; x_wconf 77' lang='lat' dir='ltr'><strong>wicsinger</strong></span> <span class='ocrx_word' id='word_1_521' title='bbox 805 4555 838 4659; x_wconf 68' lang='lat' dir='ltr'><strong>ad</strong></span> <span class='ocrx_word' id='word_1_522' title='bbox 860 4555 929 4609; x_wconf 88' lang='lat' dir='ltr'><strong>hanc</strong></span> <span class='ocrx_word' id='word_1_523' title='bbox 954 4556 1007 4607; x_wconf 93' lang='lat' dir='ltr'><strong>loci</strong></span> <span class='ocrx_word' id='word_1_524' title='bbox 1025 4556 1269 4622; x_wconf 85' lang='lat' dir='ltr'><strong>interpretationem</strong></span> <span class='ocrx_word' id='word_1_525' title='bbox 1287 4553 1451 4612; x_wconf 77' lang='lat' dir='ltr'><strong>refutandam</strong></span> 
     </span>
    </p>
   </div>
   <div class='ocr_carea' id='block_1_8' title="bbox 163 4591 1021 4760">
    <p class='ocr_par' dir='ltr' id='par_1_9' title="bbox 163 4591 1021 4760">
     <span class='ocr_line' id='line_1_51' title="bbox 163 4591 611 4698; baseline 0.013 -29"><span class='ocrx_word' id='word_1_526' title='bbox 163 4591 243 4670; x_wconf 80' lang='lat' dir='ltr'><strong>¹teuto</strong></span> <span class='ocrx_word' id='word_1_527' title='bbox 260 4616 370 4684; x_wconf 86' lang='lat' dir='ltr'><strong>protulit</strong></span> <span class='ocrx_word' id='word_1_528' title='bbox 381 4615 402 4698; x_wconf 74' lang='lat'><strong>.¹·</strong></span> <span class='ocrx_word' id='word_1_529' title='bbox 412 4615 440 4698; x_wconf 67' lang='lat' dir='ltr'><strong>l.¹</strong></span> <span class='ocrx_word' id='word_1_530' title='bbox 448 4633 475 4686; x_wconf 93' lang='lat' dir='ltr'><strong>p.</strong></span> <span class='ocrx_word' id='word_1_531' title='bbox 487 4621 539 4679; x_wconf 76' lang='lat'><strong>236</strong></span> <span class='ocrx_word' id='word_1_532' title='bbox 552 4637 611 4691; x_wconf 89' lang='lat' dir='ltr'><strong>sqq.</strong></span> 
     </span>
     <span class='ocr_line' id='line_1_52' title="bbox 233 4684 1021 4760; baseline 0.01 -22"><span class='ocrx_word' id='word_1_533' title='bbox 233 4684 343 4738; x_wconf 70' lang='lat' dir='ltr'><strong>thane</strong></span> <span class='ocrx_word' id='word_1_534' title='bbox 362 4701 415 4739; x_wconf 81' lang='lat' dir='ltr'><strong>rum</strong></span> <span class='ocrx_word' id='word_1_535' title='bbox 433 4688 503 4741; x_wconf 82' lang='lat' dir='ltr'><strong>istud</strong></span> <span class='ocrx_word' id='word_1_536' title='bbox 519 4690 568 4740; x_wconf 79' lang='lat' dir='ltr'><strong>act</strong></span> <span class='ocrx_word' id='word_1_537' title='bbox 585 4691 682 4744; x_wconf 84' lang='lat' dir='ltr'><strong>trabere</strong></span> <span class='ocrx_word' id='word_1_538' title='bbox 700 4695 792 4746; x_wconf 87' lang='lat' dir='ltr'><strong>statuit</strong></span> <span class='ocrx_word' id='word_1_539' title='bbox 809 4691 906 4746; x_wconf 83' lang='lat' dir='ltr'><strong>Better</strong></span> <span class='ocrx_word' id='word_1_540' title='bbox 922 4708 949 4760; x_wconf 89' lang='lat' dir='ltr'><strong>p.</strong></span> <span class='ocrx_word' id='word_1_541' title='bbox 963 4693 1021 4746; x_wconf 79' lang='lat' dir='ltr'><strong>tto.</strong></span> 
     </span>
    </p>
   </div>
   <div class='ocr_carea' id='block_1_9' title="bbox 0 0 1621 5228">
    <p class='ocr_par' dir='ltr' id='par_1_10' title="bbox 0 0 1621 5228">
     <span class='ocr_line' id='line_1_53' title="bbox 0 0 1621 5228; baseline 0 0"><span class='ocrx_word' id='word_1_542' title='bbox 0 0 1621 5228; x_wconf 95' lang='lat' dir='ltr'><strong> </strong></span> 
     </span>
    </p>
   </div>
  </div>
 </body>
</html>
