3210 5228
684 289 788 349 lPrru.
805 290 854 361 ΙΙΙ,
874 287 921 348 to.
1405 288 1445 355 t't.

158 459 221 523 Sed
245 456 416 538 quidinde
438 457 476 519 de
497 457 592 535 hujus
614 458 699 518 vocis
722 459 753 516 in
776 461 930 519 sententia
948 461 995 521 vi.
1018 457 1090 536 quid
1108 458 1147 518 dc
1164 461 1318 521 sententia
1333 476 1444 521 versus

158 550 229 625 ipsa
252 544 430 607 necessario
453 549 612 621 sequatur,
631 543 662 603 id
684 561 759 604 vero
776 561 885 621 parum
908 543 1079 613 attendunt,
1099 545 1160 606 nisi
1182 544 1264 621 quod
1287 545 1443 607 liutherus

160 631 263 693 addit:
287 634 457 711 ‚poddeho
476 637 529 695 mit
551 636 606 695 der
620 633 898 711 Neoenbcziehunp,
922 636 997 695 dass
1011 636 1090 695 ouclt
1104 637 1160 695 der
1177 633 1315 696 Obsistere
1331 635 1443 698 Laden

161 740 223 785 nur
244 725 293 785 eia
312 722 501 797 domitare,
530 723 584 780 mit
611 722 677 780 dem
699 719 786 780 Eade
815 722 914 785 dieses
937 720 1052 782 debens
1078 720 1343 798 obpeschlossenes
1364 716 1443 783 sei.“

162 802 233 867 Non
256 804 407 879 „fortasse
430 803 541 863 etiam“
565 800 626 862 tale
650 800 735 878 qnid,
760 800 813 862 sed
838 802 922 878 quod
944 804 1032 864 nervi
1059 805 1160 864 instar
1185 805 1443 880 argumentationi

163 892 312 953 inservlm
331 889 390 950 hac
412 888 561 968 porticula
585 888 735 948 contineri
765 904 895 949 necesse
923 897 985 959 est,
1013 889 1045 949 id
1076 889 1158 966 quod
1186 889 1235 951 rel
1264 907 1303 950 ex
1328 891 1442 967 insigni

157 982 223 1056 ‘qno
238 976 341 1055 posita
357 980 409 1037 eat
424 974 492 1037 loco
509 976 654 1048 emergit3
676 973 812 1050 alioquin
830 973 1026 1037 scribendum
1042 977 1155 1036 fuerat:
1178 970 1226 1036 du
1243 974 1292 1034 acl
1306 972 1445 1051 Χριστὸς

164 1059 277 1125 ἕκαθεν
298 1057 385 1133 ἅπαξ
404 1058 472 1135 napi
485 1053 664 1141 ‚dpcpucoa
709 1060 1003 1137 Delsignificatione
1024 1079 1120 1139 porro
1133 1061 1219 1122 verbi
1235 1079 1272 1124 ex
1285 1063 1445 1124 concessis

163 1148 371 1226 argumentari
390 1147 479 1221 licet;
502 1146 621 1209 scilicet
643 1163 704 1207 non
727 1145 757 1205 id
781 1146 880 1218 solum
903 1147 1075 1208 affirmatur
1097 1148 1155 1209 hoc
1172 1165 1268 1209 versu
1288 1148 1443 1210 Christum

161 1237 250 1297 etiam
272 1230 510 1313 passnmesse,
535 1230 590 1293 sed
613 1233 654 1292 ita
677 1249 790 1309 passus
814 1231 940 1304 dicitur,
967 1237 1001 1293 ut
1032 1236 1209 1310 passionem
1230 1233 1338 1296 deinde
1361 1232 1442 1295 alind

160 1319 231 1400 qnid
254 1324 458 1383 consecutum
481 1320 536 1389 sit,
560 1317 640 1395 quod
664 1319 706 1378 sit
729 1318 771 1379 illi
794 1320 1002 1395 oppositnml.

206 1452 209 1459 .
243 1405 364 1481 Quodsi
386 1404 507 1484 qualem
530 1409 643 1466 statum
666 1410 910 1481 consequentem
933 1408 963 1465 in
985 1410 1088 1466 mente
1110 1405 1254 1466 habuerit
1284 1406 1444 1484 apostolus

159 1495 374 1572 anquiramus‚
404 1490 533 1568 abipso
557 1489 686 1551 dilucide
709 1489 874 1551 indicatum
897 1490 1035 1552 videmus
1058 1491 1116 1553 sub
1139 1493 1232 1553 linem
1260 1493 1353 1570 hujus
1375 1511 1444 1554 ver·

157 1597 214 1641 sus
242 1578 349 1641 verbis
379 1575 580 1654 ζωοποιηθεὶς
609 1570 768 1650 πνεύματι.
795 1576 853 1637 Ι1η
881 1577 993 1655 quibos
1023 1581 1057 1638 ut
1084 1577 1270 1639 luculentius
1298 1586 1446 1656 appareat

157 1666 293 1727 alterum
314 1664 398 1725 illum
421 1666 502 1724 vitae
521 1667 634 1724 statum
657 1664 796 1740 passioni
818 1665 995 1740 oppositum
1012 1664 1178 1735 contineri,
1203 1681 1352 1725 summam
1374 1683 1445 1742 pas·

160 1753 260 1814 sionis
282 1753 314 1812 in
338 1754 437 1812 morte
458 1750 654 1825 conspicuam
677 1750 708 1809 in
731 1750 836 1824 priore
859 1748 1057 1810 additamenti
1080 1749 1216 1823 bipartiti
1238 1751 1377 1812 membro
1396 1769 1446 1812 re·

160 1839 288 1918 petitam
314 1836 462 1898 videmus.
503 1835 578 1895 ilinc
604 1841 702 1911 patet,
730 1842 918 1912 quapropter
940 1835 1089 1912 particula
1111 1831 1196 1906 ἅπαξ
1217 1853 1285 1897 cnm
1308 1839 1338 1898 vi
1362 1842 1447 1899 ante-
1509 1863 1514 1871 ·

162 1925 264 2004 posita
289 1924 397 1993 inerit,
431 1921 550 1982 scilicet
577 1925 611 1980 ut
638 1920 675 1979 ab
704 1921 790 1980 initio
815 1922 917 1981 statim
945 1923 1173 1998 significaretur
1199 1923 1368 1984 laetissima
1396 1924 1446 1984 illa

163 2011 319 2089 passionis
342 2014 372 2069 et
395 2009 503 2069 mortis
528 2004 642 2068 Christi
665 2009 696 2066 in
718 2007 798 2066 vitae
820 2007 1009 2085 triumphum
1038 2009 1220 2086 permutatio
1232 2008 1255 2067 2.
1303 2009 1347 2069 lta
1376 2027 1447 2071 con·

166 2095 237 2157 cidit
252 2097 359 2167 etiam,
383 2094 465 2172 quod
483 2111 539 2172 per
563 2110 597 2153 se
617 2094 692 2153 satis
715 2097 800 2152 recte
815 2092 887 2153 huic
904 2093 1099 2170 explicationi
1114 2097 1229 2171 opponi
1245 2097 1446 2169 meminimus,

158 2183 223 2244 -hac
242 2200 303 2243 una
326 2180 475 2258 particula
503 2197 609 2257 parum
633 2181 768 2255 grauiter
796 2183 827 2239 et
850 2185 992 2241 accurate
1018 2179 1160 2250 indicari,
1193 2180 1265 2257 quid
1288 2183 1360 2243 novi
1383 2184 1447 2258 jam

165 2271 197 2331 iu
224 2268 449 2330 sententiarum
483 2267 702 2327 consecutione
735 2265 893 2326 inferatur.
947 2267 1043 2351 Immo
1078 2267 1130 2344 qui
1158 2284 1237 2343 quae
1264 2267 1449 2330 antecedunt

163 2356 338 2417 accuratius
360 2352 619 2421 consideraverit,
644 2355 759 2412 statuat
786 2368 914 2412 necesse
938 2360 1000 2423 est,
1024 2354 1082 2413 nisi
1105 2353 1214 2414 leviter
1236 2359 1320 2414 certe
1338 2354 1377 2414 ab
1392 2357 1449 2416 ini-

162 2443 208 2503 tio
231 2441 336 2502 statim
358 2439 395 2499 de
416 2444 568 2516 sequente
586 2436 636 2497 illa
653 2442 754 2497 status
771 2440 999 2515 permutatione
1015 2441 1239 2515 praemonitum
1254 2441 1356 2512 fuerit,
1376 2440 1448 2503 illud

164 2533 303 2603 spernor
325 2531 357 2586 et
378 2518 524 2599 μακάριοι
548 2559 588 2569 -
613 2522 678 2583 sola
702 2525 832 2599 repetita
855 2527 1011 2601 passionis
1034 2525 1149 2586 Christi
1171 2527 1326 2587 mentione
1350 2530 1449 2607 excipi

166 2615 291 2675 omnino
314 2628 376 2672 non
399 2612 547 2689 potuisse.
593 2609 740 2686 Sequitur
763 2626 838 2670 sane
862 2610 967 2682 simul,
992 2615 1026 2669 ut
1048 2610 1222 2688 bipartitam
1239 2612 1319 2672 illam
1336 2631 1448 2676 versus

164 2698 396 2763 conclusionem
418 2694 642 2771 ,marmorata
657 2693 713 2768 μὲν
730 2694 831 2774 σαρκί,
852 2695 1055 2771 ζωοποιηθεὶς
1071 2694 1105 2758 δὲ
1123 2694 1295 2773 artoptam
1315 2700 1447 2762 arctiore

165 2784 288 2848 vinculo
312 2781 564 2845 antecedentibus
587 2780 776 2842 adstructam
800 2787 978 2842 statuamus.

250 2870 290 2930 llt
314 2870 437 2939 mirum,
465 2871 516 2946 qni
547 2869 615 2928 fleri
644 2868 794 2944 potuerit,
822 2872 857 2927 ut
878 2867 1034 2928 liutherus
1057 2867 1170 2945 aliique
1197 2870 1350 2931 vinculum
1375 2871 1448 2933 illud

167 2956 254 3019 valde
276 2956 465 3027 relaxarent,
490 2973 558 3016 cnm
581 2956 640 3030 ipsi
662 2958 764 3013 tamen
787 2952 951 3014 discrimen
975 2954 1165 3031 singulorum
1191 2957 1224 3015 in
1247 2957 1360 3018 Christi
1386 2960 1450 3019 vita

165 3048 302 3107 smmum
330 3058 405 3103 voce
434 3037 517 3113 ἅπαξ
546 3040 673 3101 indicari
702 3043 875 3100 statuerent
902 3045 934 3100 et
961 3042 1120 3118 participia
1149 3040 1199 3101 illa
1226 3042 1448 3119 subsequentia

164 3147 234 3192 cum
262 3129 357 3189 verbo
386 3123 483 3187 ἔπαθε
512 3129 692 3204 jungerent,
728 3127 887 3188 enuntiato
917 3127 1000 3187 finali
1027 3126 1155 3204 reliquis
1185 3127 1358 3205 subjuncto.
1403 3129 1448 3190 lta

164 3217 247 3278 enim
271 3215 410 3292 proiecto
433 3212 580 3292 periodus
602 3213 678 3272 haec
699 3217 875 3289 comparata
898 3217 958 3281 est,
987 3218 1022 3273 ut
1051 3215 1083 3272 in
1110 3231 1221 3275 versus
1243 3215 1304 3275 fine
1327 3214 1449 3276 demum

165 3302 344 3379 requiescat
371 3300 496 3360 lectoris
529 3317 589 3360 vox
616 3304 649 3359 et
678 3298 833 3359 meditatio
865 3303 991 3376 totaque
1020 3302 1242 3376 argumentatio
1272 3303 1358 3379 prius
1388 3320 1452 3365 non

167 3376 376 3449 concludatur.

253 3473 307 3533 llis
330 3473 481 3550 expositis
503 3488 565 3532 nou
597 3470 772 3531 dubitamus
803 3473 1077 3548 argumentationis
1107 3489 1256 3535 summam
1280 3492 1349 3536 cum
1371 3478 1473 3538 Ben·-

169 3558 250 3638 gello
264 3559 343 3620 hanc
361 3558 480 3619 dicere:
503 3558 646 3630 „illelius
664 3562 713 3618 est
736 3559 829 3618 semel
854 3575 922 3618 cum
946 3558 1068 3620 Christo
1091 3562 1155 3635 pati
1181 3579 1272 3639 qnam
1294 3565 1325 3622 in
1352 3567 1452 3623 aeter-

167 3662 241 3707 num
266 3647 334 3707 sine
353 3645 480 3705 Christo
491 3645 535 3707 δέ*
569 3643 644 3704 Nam
658 3644 717 3704 hoc
732 3645 890 3721 posterius
905 3644 977 3705 licet
995 3644 1100 3706 verbis
1118 3664 1180 3708 non
1200 3648 1358 3719 indicetur,
1377 3647 1451 3709 latet

168 3737 271 3793 iumen
300 3735 330 3792 in
365 3730 557 3791 antecedenti
587 3732 740 3790 sententia
767 3778 784 3802 „
794 3722 923 3805 πάσχειν
950 3736 1226 3804 uoaonotoaiocurf‘
1272 3733 1379 3809 Neque
1407 3733 1451 3793 illl

175 3868 375 3879 —n--n——n

240 3938 263 3988 l.
284 3934 434 4002 Wiesinger
452 3935 613 3986 rectissime:
633 3933 712 3996 „Von
727 3934 782 3983 dean
798 3924 873 3985 ἅπαξ
891 3951 939 3984 uus
953 3934 1015 3997 folle
1031 3937 1139 4000 ecfert
1156 3942 1272 4002 cecrope
1288 3934 1335 3986 der
1352 3935 1450 3990 Clet'cb·
1481 3934 1484 3939 ’

169 4004 283 4070 suduup
300 4004 383 4056 durch
400 4002 449 4055 aad
467 4007 558 4064 „min
578 4005 723 4056 trottlt'cltec
743 4000 817 4052 tiele
835 4001 888 4064 auf
900 4003 949 4053 dos
963 4002 1060 4056 Leidm
1077 4006 1124 4056 der
1145 4004 1311 4056 orastenffl
1327 4002 1451 4064 (Besserl.

168 4074 219 4125 dot
236 4075 289 4125 eiu
307 4072 374 4125 ttat
395 4074 526 4129 erduldet,
551 4073 606 4136 for
631 4071 822 4141 immerhder
845 4069 1081 4126 Herrlt'cltltet't
1106 4072 1305 4141 tltet'ltastt'q
1329 4077 1450 4128 macho.

164 4132 253 4196 linui
270 4134 362 4193 ducos
380 4142 494 4194 aamttct
514 4150 573 4203 sapt
592 4143 637 4192 der
653 4141 702 4208 Ap.
721 4157 771 4190 oon
787 4138 885 4191 Christi
898 4139 993 4192 beiden
1013 4141 1079 4209 (aql.
1097 4140 1173 4192 Hedr.
1186 4141 1238 4200 IX,
1256 4143 1296 4194 27.
1315 4144 1359 4194 28.
1382 4143 1450 4195 Rom.

173 4210 225 4271 Vr,
237 4210 326 4267 oto)
347 4213 432 4262 tndem
455 4228 482 4260 er
501 4210 553 4272 auf
566 4211 615 4260 den
634 4209 759 4275 Auspunp
779 4213 862 4260 setues
879 4208 987 4260 Leidem
1006 4208 1183 4265 θανατωθεὶς
1198 4206 1252 4281 μὲν
1271 4211 1367 4281 σαρκί,
1386 4212 1449 4272 ζωο·
1539 4237 1542 4247 ·

169 4277 300 4346 ποιηθεὶς
319 4275 350 4330 δὲ
368 4272 505 4349 πνείματι
522 4279 571 4344 cpl.
590 4281 637 4329 mit
654 4296 677 4328 u.
690 4278 724 4329 22
743 4277 896 4330 bindlt'cltt.“

238 4349 263 4401 2.
284 4346 333 4403 otr.
354 4362 421 4415 qnae
437 4347 585 4414 nuperrime
604 4346 655 4398 hoc
674 4344 706 4397 de
724 4345 784 4397 loco
799 4344 907 4411 scripsit
918 4342 1111 4410 Edngelbardt)
1124 4347 1150 4397 in
1164 4346 1317 4415 zeitschrift
1333 4351 1379 4414 sor
1391 4348 1451 4401 Pru

170 4427 228 4469 test.
239 4417 373 4485 Erlmtpen
385 4418 457 4470 1856
476 4417 491 4468 1
495 4416 517 4466 V
530 4432 555 4483 p.
566 4416 624 4470 269.
647 4413 703 4466 lla
712 4413 799 4466 cius:
819 4413 905 4473 „sicut
921 4412 1001 4479 igitur
1013 4414 1210 4469 commendatur
1225 4418 1302 4470 nobis
1314 4417 1340 4469 in
1351 4416 1452 4470 Christo

171 4486 320 4553 exemplum
344 4483 468 4538 ferendae
493 4486 592 4545 crucis,
619 4484 655 4536 ita
686 4483 764 4535 etiam
787 4495 854 4548 spec
883 4481 1015 4549 gloriosae
1044 4483 1208 4539 liberationis
1233 4486 1309 4539 nobis
1334 4485 1450 4550 ejusdem

172 4555 293 4676 effgmplo
317 4555 486 4675 groponitnm
508 4557 582 4620 juxta
607 4551 671 4607 illud
695 4551 769 4603 Rom.
784 4549 856 4612 vttl,
875 4552 920 4604 l'l:
944 4550 966 4602 si
991 4566 1051 4605 cum
1074 4554 1120 4607 illo
1145 4557 1269 4624 patimur,
1292 4554 1371 4607 simul
1392 4570 1451 4611 cum

169 4626 178 4676 i
236 4639 315 4692 regna
336 4625 430 4678 imus.“
913 4660 916 4667 .

186 4732 198 4769 ·,
232 4694 265 4748 e
282 4692 332 4748 otr.
353 4690 509 4761 Wteainger.
