3210 5228
175 326 217 390 66
470 328 623 395 1111111111
641 345 695 386 eura
717 346 810 387 urorru
830 331 936 387 Cnnrorr
956 342 1152 388 conraoauouo.

178 498 223 558 cis
241 512 295 556 ore
310 498 387 575 (Act.
401 496 427 568 1,
441 497 494 573 3)1
515 494 616 558 edocti
634 499 731 558 fuisse
751 497 927 573 videantur,
944 500 1013 574 quis
1029 498 1147 558 dubitet
1165 498 1240 575 quin
1255 496 1362 558 eodem
1379 504 1457 558 tern-

177 601 253 663 pore
283 600 319 643 ex
348 582 518 660 eodemque
549 600 603 645 ore
634 584 725 645 Petro
761 587 942 653 innotuerit,
971 602 1061 662 quem
1090 585 1307 660 in·triumpho
1338 583 1456 661 agendo

178 670 215 731 de
238 671 384 731 universo
406 669 519 729 diaboli
542 688 637 746 regno
662 671 762 731 loeurn
790 671 932 731 habuerit
954 667 1095 747 κήρυγμα
1117 669 1190 730 illud
1213 669 1250 729 ad
1270 674 1392 746 gentem
1416 670 1459 729 di·

178 756 261 817 luvio
286 755 443 833 abreptam
457 757 687 833 proclamatum.
721 756 818 816 Nobis
836 775 916 817 nune
935 774 1009 817 sane
1027 759 1086 816 nisi
1104 755 1295 832 conjiciendo
1311 774 1377 816 rem
1396 759 1458 816 ani·

178 859 227 902 mo
251 841 418 902 informare
442 859 503 902 non
528 859 711 920 possumus,
736 860 836 920 neque
859 850 943 903 recte
967 845 1160 902 informatam
1191 841 1371 903 habebimus
1400 842 1460 902 nisi

177 932 317 989 senecta
341 928 481 989 nonnihil
505 930 647 990 uniuersa
675 929 712 989 de
731 929 847 1006 angelis
868 947 1036 1005 eorumque
1055 930 1141 1006 lapsu
1158 927 1306 989 doctrina.
1343 928 1460 988 Cohae-

167 1013 268 1075 ·rebat
290 1013 435 1074 videlicet
458 1014 505 1073 illa
531 1033 610 1092 quae
634 1020 723 1075 sexto
744 1017 873 1075 Genesis
897 1018 996 1094 eapite
1018 1016 1224 1091 significatur,
1247 1013 1347 1075 dudae
1371 1015 1459 1074 testi-

178 1101 280 1162 monio
311 1102 510 1160 confirmatur
541 1103 663 1177 generis
690 1103 813 1161 humani
840 1120 896 1178 per
926 1101 1052 1178 angelos
1078 1103 1234 1176 corruptio
1266 1118 1334 1160 oum
1358 1103 1457 1177 primo

178 1184 289 1249 diaboli
314 1189 345 1246 in
369 1185 516 1247 adamum
541 1189 665 1263 impetu.

266 1273 360 1350 Cujus
384 1274 430 1332 rei
450 1275 617 1341 rationem,
643 1277 668 1333 si
693 1277 869 1350 conjectura
892 1275 935 1332 uti
960 1272 1045 1342 licet,
1075 1273 1153 1332 bane
1180 1274 1277 1333 luisse
1306 1274 1459 1349 conjicias

179 1363 213 1419 ut
243 1376 332 1436 quarn
363 1360 446 1419 Deus
476 1359 509 1419 0.
538 1361 579 1419 Μ.
611 1379 667 1437 per
696 1358 919 1437 procreandum
953 1376 989 1418 ex
1019 1360 1151 1418 humano
1183 1377 1297 1434 genere
1328 1360 1460 1419 salvato·

178 1463 244 1506 rem
276 1447 451 1522 aperuisset
474 1447 582 1505 salutis
607 1446 858 1522 liberationisque
883 1464 899 1505 e
924 1449 1059 1506 satanica
1087 1450 1243 1520 potestate
1274 1447 1369 1515 uiam,
1393 1462 1459 1505 earn
1508 1481 1510 1485 «

179 1530 319 1592 diabolus
348 1533 630 1609 corrumpenda
660 1551 701 1592 ae
732 1531 989 1610 pervertenda
1025 1535 1276 1608 generatione
1301 1531 1460 1592 humana

179 1619 312 1679 voluerit
336 1617 534 1695 praecludere
558 1624 751 1695 venturoque
774 1620 830 1677 Dei
853 1618 915 1677 lilio
940 1620 997 1676 sui
1021 1620 1131 1694 quasi
1155 1620 1314 1678 seminis
1342 1618 1460 1677 horni-

179 1721 246 1764 nes
278 1720 444 1781 opponere.
499 1704 589 1765 Certe
620 1722 697 1781 quae
729 1707 829 1765 caruis
853 1705 993 1781 voluptas
1023 1706 1052 1763 in
1077 1704 1189 1764 Genesi
1219 1704 1335 1780 angelis
1364 1705 1461 1779 impu·

180 1792 239 1850 tari
262 1789 384 1850 videtur
409 1808 469 1850 non
495 1791 603 1862 elficit,
628 1792 733 1850 utalia
758 1793 854 1867 magis
879 1791 995 1850 occulta
1013 1790 1148 1850 criminis
1164 1792 1242 1849 ratio
1260 1807 1338 1865 quae
1355 1793 1381 1848 si
1398 1806 1459 1849 non

180 1892 289 1936 omnes
314 1880 366 1952 qui
384 1877 424 1935 ita
448 1883 655 1952 peceaverunt
674 1878 810 1952 angelos,
828 1876 978 1936 diabolum
998 1882 1081 1935 certe
1100 1879 1314 1947 commoverit,
1336 1878 1461 1935 omnino

180 1961 318 2041 neganda
345 1964 393 2022 sit.
440 1963 593 2035 Quosdam
615 1981 689 2024 vero
713 1966 743 2022 in
773 1963 884 2022 diaboli
908 1963 1116 2038 malorumque
1139 1963 1316 2037 angelorum
1341 1968 1371 2022 et
1393 1979 1462 2039 per-

179 2049 258 2108 nicie
278 2054 309 2108 et
319 2048 437 2126 judicio
459 2052 546 2125 quasi
564 2049 678 2124 gradus
698 2055 729 2109 et
747 2066 936 2126 progressus
956 2050 1123 2125 significari
1141 2051 1172 2107 in
1194 2065 1280 2109 sacra
1297 2051 1461 2124 scriptura,

180 2138 339 2195 consensit
369 2135 405 2194 ab
438 2137 523 2194 initio
550 2135 721 2196 Christiana
751 2135 888 2195 ecclesia.
940 2134 1002 2194 Sub
1032 2136 1123 2194 linem
1152 2152 1242 2194 aerae
1272 2134 1462 2194 Christianae

109 2231 112 2237 '
182 2219 211 2281 id
235 2222 336 2299 ipsum
360 2220 490 2296 legimus
515 2223 655 2281 effectum
679 2225 714 2280 iri
739 2240 755 2279 a
779 2221 913 2293 diaholo,
934 2226 967 2280 ut
986 2220 1136 2297 quendam
1152 2224 1193 2281 ita
1212 2225 1388 2297 corrumpat
1410 2223 1463 2297 qui

181 2307 244 2366 sui
279 2309 394 2384 quasi
429 2306 538 2367 filius
574 2308 768 2383 spirituali
803 2306 960 2383 quadam
994 2309 1246 2384 generatione
1280 2312 1462 2383 procreatus
1516 2376 1518 2381 g
1561 2300 1564 2304 “

182 2394 312 2453 exsistat
335 2397 426 2469 atque
448 2398 555 2469 utpote
583 2400 667 2453 totus
693 2394 794 2453 scelus
816 2400 846 2454 et
864 2395 1012 2468 flagitium
1032 2395 1104 2468 jure
1122 2387 1270 2453 dicaturd
1294 2389 1464 2472 ἄνθρωπος

181 2480 236 2554 τῆς
259 2471 431 2555 ἁμαρτίας,
457 2471 472 2537 ὃ
497 2475 563 2549 υἱὸς
587 2483 642 2556 τῆς
663 2478 816 2549 ἀπωλείας
840 2480 996 2559 (2Thess.
1011 2479 1050 2550 ΙΙ,
1069 2481 1087 2541 3
1112 2480 1165 2540 cl'r.
1193 2478 1347 2548 11101111,
1370 2478 1408 2541 18
1433 2483 1463 2538 et

182 2562 316 2627 Eudob.
333 2564 493 2641 x111‚27).
528 2566 570 2624 Ex
595 2567 655 2625 fine
680 2573 779 2626 autem
799 2565 976 2642 judicantur
994 2565 1113 2624 consilii
1131 2566 1230 2637 initia,
1255 2584 1292 2625 ex
1313 2565 1464 2641 spirituali
1516 2570 1518 2575 ’

181 2650 293 2710 effectu
317 2649 390 2727 quid
415 2654 600 2727 spectaverit
624 2669 773 2712 conamen
796 2651 868 2711 illud
893 2652 1013 2712 carnale
1038 2651 1118 2725 (dud.
1134 2651 1175 2727 7).

268 2735 355 2810 Quod
386 2736 437 2797 ubi
468 2739 635 2797 coercitum
668 2744 716 2798 est
743 2741 881 2799 immisso
907 2738 1051 2798 divinitus
1081 2737 1208 2808 diluvio,
1235 2737 1464 2798 constitueban-

179 2826 230 2883 tur
257 2824 320 2900 jam
348 2825 420 2883 novi
442 2830 569 2883 naturae
601 2824 741 2897 ordines,
772 2826 822 2901 qui
851 2841 912 2884 non
943 2826 1150 2884 intermissuri
1177 2830 1338 2884 manerent
1364 2841 1464 2900 usque

180 2907 251 2969 dum
279 2912 474 2986 appariturus
501 2915 599 2982 esset,
624 2913 676 2988 qui
700 2912 815 2971 salvum
839 2916 1013 2986 praestaret
1027 2911 1154 2987 Dcoque
1177 2911 1391 2970 reconciliaret
1414 2928 1464 2988 ge-

179 3012 239 3057 nus
262 2994 435 3060 humanum,
473 2996 592 3056 Diaboli
615 2999 764 3075 potestati
782 2998 848 3073 jam
871 2997 944 3056 nihil
963 2997 1103 3056 relietum
1128 3003 1210 3067 crat,
1234 2998 1295 3056 nisi
1319 3002 1352 3057 ut
1371 2995 1463 3056 fidem

182 3086 214 3142 et
236 3099 323 3159 spem
346 3083 378 3141 in
408 3081 459 3141 illo
486 3084 609 3159 generis
633 3085 812 3143 auxiliatore
844 3089 875 3143 et
905 3084 1062 3160 expiatura
1089 3081 1263 3158 ponendam
1292 3081 1463 3158 impediret,

180 3170 348 3244 repositam
377 3169 542 3245 frangeret.
595 3169 681 3244 Quod
706 3188 799 3247 quum
833 3172 961 3229 maxime
985 3171 1126 3229 ellectum
1155 3171 1193 3229 iri
1215 3168 1355 3230 videatur
1378 3171 1463 3228 Anti·

179 3252 296 3314 christo
316 3257 397 3314 inter
412 3254 601 3315 Christianos
619 3263 737 3328 exorto,
754 3262 818 3314 tum
834 3254 946 3315 redibit
959 3255 1100 3315 Christus
1116 3257 1204 3316 irrita
1220 3254 1399 3315 redditurus
1413 3253 1464 3314 de·

180 3341 272 3417 nique
291 3339 404 3400 diaboli
423 3358 526 3417 opera.
566 3341 677 3401 Eadem
693 3344 758 3419 jam
775 3341 975 3419 ejusdemque
998 3340 1142 3402 videntur
1165 3359 1306 3419 quaeque
1325 3346 1462 3402 extremo

182 3424 231 3486 die
261 3443 401 3503 quaeque
430 3429 461 3485 in
490 3426 603 3489 diluvio
632 3429 844 3504 refringuntur
873 3429 1031 3487 conamina
1061 3428 1151 3487 modo
1181 3427 1344 3488 carnaliter
1373 3425 1464 3487 modo

181 3512 384 3589 spiritualiter
404 3514 530 3587 effeeta;
551 3519 581 3573 et
604 3518 713 3576 mirum
734 3519 846 3593 quanta
865 3513 935 3573 inde
957 3515 1080 3574 exsistit
1097 3514 1201 3575 diluvii
1218 3518 1250 3574 et
1268 3514 1398 3574 extremi
1416 3515 1466 3590 ju-

182 3597 252 3660 dicii
276 3598 455 3672 similitudo,
482 3617 561 3677 quae
586 3600 707 3678 quidem
731 3604 762 3660 in
786 3600 954 3660 descensus
978 3619 1046 3659 cum
1070 3600 1173 3660 reditu
1188 3600 1303 3661 Christi
1326 3600 1466 3660 similitu-

182 3682 252 3745 dine
270 3685 431 3765 perficitur
457 3691 486 3745 ct
512 3694 751 3749 consummatur.
798 3685 927 3746 Reditus
953 3689 1032 3746 enim
1058 3686 1184 3758 Christi,
1214 3688 1326 3764 quippe
1351 3686 1466 3762 judicis

183 3773 364 3849 apparituri,
382 3772 550 3848 respondet
573 3776 715 3851 antiquae
739 3774 781 3833 illi
804 3774 885 3833 inter
908 3774 1024 3850 antiqui
1047 3772 1150 3833 mundi
1175 3774 1257 3833 cives
1280 3773 1465 3850 apparitioni
1531 3813 1536 3818 -

182 3859 214 3918 iu
239 3857 391 3918 descensu
416 3862 609 3934 conspicuae.
656 3860 739 3932 Quae
770 3859 892 3937 quidem
920 3876 981 3918 non
1010 3861 1111 3934 potuit
1139 3859 1200 3918 ullo
1230 3863 1370 3936 tempore
1397 3858 1467 3918 lieri

183 3945 300 4020 aptius,
325 3962 416 4021 quam
440 3964 533 4022 quum
556 3947 688 4022 primum
710 3965 765 4023 per
781 3945 935 4006 Christum
953 3963 1062 4006 verum
1076 3945 1133 4004 Dei
1157 3945 1266 4018 filium,
1285 3947 1393 4024 generi
1411 3945 1466 4005 hu-

184 4046 273 4090 mano
296 4032 488 4090 sanctissima
505 4033 644 4092 innatum
661 4036 874 4108 generatione,
892 4033 1036 4092 restituta
1054 4032 1196 4109 apparuit
1210 4032 1340 4092 humana
1358 4035 1467 4090 natura

184 4133 282 4194 caque
305 4119 334 4176 in
353 4118 408 4176 Dei
434 4119 562 4192 gratiam
585 4121 745 4196 patrisque
770 4135 905 4178 amorem
929 4118 1059 4177 feliciter
1075 4117 1208 4178 redacta.
1240 4118 1332 4194 Cujus
1350 4133 1468 4177 summa

182 4201 249 4264 laus
280 4207 552 4282 111προςαγαγεῖν
575 4199 657 4285 ἡμᾶς
681 4206 825 4286 τῷθεῴ,
859 4207 885 4264 is
910 4204 984 4264 abiit
1007 4203 1044 4263 ad
1072 4202 1314 4264 convincendum
1342 4205 1467 4279 penitus

184 4289 358 4351 seductoris
382 4291 541 4367 antiquum
564 4291 635 4350 illud
665 4308 823 4350 conamen.
871 4290 1041 4367 Corruptae
1070 4296 1171 4373 autem
1200 4287 1407 4348 miserandum
1435 4291 1467 4348 in

183 4375 306 4436 modum
330 4376 430 4452 gentis
448 4375 644 4439 Noaehiticac
669 4376 839 4454 exemplum
862 4378 1047 4455 proponitur
1070 4377 1106 4436 ab
1121 4375 1270 4452 apostolo
1288 4375 1341 4447 iis,
1365 4376 1467 4452 quiin

255 4581 278 4630 1.
301 4567 347 4634 Οἷς
364 4577 411 4630 καὶ
428 4577 605 4649 παρέστησεν
622 4575 746 4633 ἑαυτὸν
764 4580 888 4644 ζῶντα,
905 4575 989 4651 μετὰ
1008 4574 1045 4632 τὸ
1064 4580 1196 4628 παθεῖν
1213 4573 1312 4642 αὐτόν,
1330 4605 1365 4616 -
1382 4608 1416 4618 -
1433 4607 1466 4616 -

184 4643 273 4717 λέγων
287 4647 327 4699 τὰ
346 4647 427 4720 περί
445 4651 503 4716 τῆς
519 4651 700 4716 βασιλείας
717 4649 764 4700 τοῦ
782 4649 859 4701 θεοῦ.
