3210 5228
170 297 211 366 tt
408 278 409 283 ‘
450 384 452 388 Ι
651 307 820 373 irarum,
842 308 877 363 ra
894 323 957 379 sqq.
1006 345 1009 348 ⁴

130 510 136 524 ι
172 478 273 550 Atque
295 488 356 550 quo
378 470 500 536 modern
519 453 591 548 jure
606 474 720 548 potuit,
744 490 782 532 ex
802 489 863 549 quo
880 474 1090 535 antecedentia
1104 474 1277 551 penderent
1291 477 1371 550 ipsa,
1395 475 1444 537 his

171 559 317 636 subjungi
338 557 460 619 vinculo
482 558 637 618 laxissime
661 551 678 617 ὃ
701 558 750 617 καὶ
774 593 815 602 -
838 560 922 618 νῦν.1

254 643 383 705 Aliunde
396 643 563 721 repetenda
583 650 632 704 est
649 661 752 716 causa,
769 645 968 722 quamobrem
984 662 1095 706 uersus
1110 650 1235 706 nostros
1252 647 1444 723 interposueb

74 777 75 784 ο
168 734 209 792 rit
224 731 392 809 apostolus.
428 731 575 809 Blpartita
593 732 682 807 quasi
699 732 794 800 utitur
816 733 1094 807 argumentatione,
1117 731 1146 791 id
1165 731 1246 808 quod
1261 735 1338 793 satis
1356 749 1444 793 accu-

106 875 117 892 ,
167 824 234 879 rate
258 817 448 894 significatur
469 817 638 894 participiis
661 816 824 895 πορευθείς
840 819 928 877 initio
945 824 976 876 et
991 817 1048 876 sub
1068 819 1160 877 finem
1177 818 1234 877 sihi
1253 818 1444 895 responden-

169 904 258 965 tibus.
292 900 491 964 Descendens
516 906 547 962 et
569 901 740 963 ascendens
763 905 844 964 vitae
868 903 1045 980 gloriaeque
1071 910 1272 980 recuperatae
1303 907 1364 965 vim
1392 922 1444 965 ex-

168 990 265 1050 hibuit
288 989 436 1050 Christus.
479 988 648 1066 Utrumque
670 1005 745 1049 vero
768 988 859 1050 debet
881 992 912 1049 in
936 989 1180 1050 Christianorum
1210 991 1301 1049 animi
1331 992 1443 1050 conflr-

169 1078 333 1137 mationem
355 1076 468 1136 factum
485 1091 556 1134 esse
575 1074 623 1134 vel
639 1080 723 1135 certe
743 1093 760 1134 a
781 1075 875 1136 Petro
892 1077 956 1151 Jam
978 1077 1218 1137 commemorari.
1253 1077 1360 1153 Neque
1383 1077 1445 1138 hoc

168 1162 289 1223 difficile
306 1166 356 1221 est
371 1160 537 1222 Intellecta.
562 1160 664 1221 Voluit
679 1162 775 1232 enim,
794 1168 828 1222 ut
842 1163 940 1237 ipsius
958 1163 1090 1238 apostoli
1105 1162 1209 1222 verbis
1228 1167 1360 1235 utamur,
1378 1180 1442 1222 non

166 1250 225 1309 hoo
247 1249 346 1309 solum
370 1247 581 1307 confirmatum
605 1241 652 1306 ὅτι
675 1243 703 1305 οἱ
721 1242 882 1327 ὀφθαλμοί
903 1248 1008 1326 κυρίου
1031 1247 1090 1306 ἐπὶ
1113 1247 1285 1318 δικαίους
1307 1248 1357 1306 καί
1375 1237 1443 1309 ὦτα

166 1331 262 1394 αὐτοῦ
276 1333 327 1405 εἰς
344 1331 470 1409 δέησιν
488 1328 624 1403 αὐτῶν,
638 1332 692 1392 sed
705 1333 833 1394 alterum
847 1333 935 1393 simul
948 1333 1111 1410 probatum
1122 1335 1261 1410 exemplo
1274 1329 1320 1393 ὅτι
1332 1331 1443 1414 πρός-

166 1438 265 1479 ωπον
288 1416 420 1499 κυρίου
442 1416 502 1477 ἐπὶ
527 1421 731 1489 ποιοῦντας
755 1416 846 1478 κακά
869 1420 907 1497 (v.
931 1419 990 1496 12).
1032 1419 1288 1480 Adversarimum
1317 1420 1442 1497 quidem

165 1508 301 1583 ipsorum
316 1504 463 1582 judicium
485 1522 501 1564 a
518 1503 618 1564 reditu
635 1503 750 1564 Christi
764 1511 899 1565 extrema
915 1505 965 1565 die
981 1512 1048 1565 erat
1065 1506 1303 1582 exspectandum
1319 1506 1379 1587 (IV,
1397 1508 1440 1583 5).

163 1591 225 1668 Sed
241 1606 256 1651 a
275 1593 379 1652 futuro
393 1594 532 1667 tempore
548 1591 689 1650 solatium
711 1607 772 1650 non
796 1596 865 1668 apte
888 1593 1052 1668 repetitur,
1077 1592 1129 1652 ubi
1152 1597 1298 1668 quantum
1321 1592 1439 1669 gloriae

165 1684 196 1737 et
216 1679 381 1754 potestatis
399 1677 464 1753 jam
485 1681 670 1736 consecutus
690 1679 731 1736 sit
747 1676 888 1738 Christus
908 1677 968 1737 dux
985 1677 1035 1738 ille
1054 1683 1085 1738 et
1103 1685 1212 1738 auctor
1230 1678 1336 1738 salutis
1356 1678 1443 1738 Chri-

165 1766 335 1824 stianorum
357 1763 529 1839 exponitur.
566 1762 657 1822 Certe
681 1764 777 1822 futuri
800 1765 846 1823 rei
868 1763 1060 1824 Christianae
1082 1765 1229 1840 triumphi
1252 1781 1325 1841 spes
1348 1782 1441 1841 quam

166 1853 295 1910 maxime
318 1849 495 1924 erigebatur
519 1848 657 1925 ejusdem
675 1849 838 1926 aliquando
856 1851 919 1926 jam
943 1853 1001 1909 acti
1024 1850 1163 1927 exemplo
1180 1852 1351 1928 proposito,
1388 1852 1439 1910 ht

79 1990 83 1994 .
166 1938 218 2013 qui
240 1952 347 2013 parum
371 1934 524 1995 efficiebat
546 1933 694 1995 lectorum
716 1934 753 1994 ad
776 1938 935 2012 antiquum
959 1935 1110 2013 quoddam
1133 1937 1164 1994 in
1188 1937 1299 2013 impios
1325 1939 1441 1997 immis-

166 2039 234 2082 sum
251 2021 397 2098 judicium
422 2020 573 2098 ablegatio
597 2022 736 2097 quamvis
759 2023 989 2098 gravissirnum;
1012 2039 1082 2082 nam
1109 2038 1184 2082 sane
1216 2024 1339 2097 gravius
1363 2021 1441 2083 dilu-

162 2110 212 2168 vio
242 2125 304 2169 non
325 2110 426 2184 potuit
448 2107 586 2167 inveniri.
632 2106 696 2179 Qua
720 2110 800 2167 enim
824 2125 915 2168 causa
946 2109 977 2167 in
1000 2125 1151 2167 summum
1174 2109 1245 2167 fidei
1271 2109 1437 2170 discrimen

164 2198 347 2255 vocarentur
359 2193 539 2263 Christiani,
564 2192 639 2252 haec
662 2194 734 2264 fuit,
759 2193 839 2269 quod
865 2194 987 2255 Christo
1010 2193 1047 2252 ad
1071 2194 1174 2254 coelos
1202 2199 1310 2255 evecto
1333 2197 1441 2272 vigere

163 2281 325 2358 impiorum
337 2280 572 2357 protervitatem
584 2283 616 2338 et
633 2280 723 2355 quasi
734 2279 922 2356 triumphum
937 2279 974 2339 de
987 2279 1168 2340 Christianis
1180 2297 1272 2356 agere
1285 2280 1437 2344 viderent.

162 2366 245 2427 Hanc
261 2366 301 2427 ob
313 2381 437 2426 causam
456 2363 563 2426 debuit
579 2363 738 2440 apostolus
755 2364 785 2424 id
798 2365 880 2443 quod
895 2365 1052 2426 allaturus«
1062 2371 1129 2425 erat
1142 2366 1312 2443 exemplum
1325 2367 1439 2428 Christi

163 2451 200 2512 de
220 2454 321 2531 impiis
334 2453 420 2527 juste
434 2449 616 2527 judicantiS,
638 2468 676 2511 ex
688 2467 725 2511 eo
745 2452 813 2527 ipso
825 2457 964 2529 tempore
982 2457 1139 2530 repetere,
1157 2469 1217 2528 quo
1235 2459 1307 2529 post
1325 2452 1439 2514 Christi

160 2539 420 2609 resurrectionem
436 2539 602 2597 constituta
615 2541 682 2596 erat
694 2553 747 2596 res
760 2537 941 2600 Christiana.
970 2537 1183 2616 hierosolyma
1196 2535 1332 2598 nondum
1348 2545 1439 2599 erant

161 2631 342 2703 expugnata.
377 2623 436 2683 Sed
455 2621 535 2682 aliud
554 2627 621 2682 erat
638 2625 845 2701 inpromptu:
868 2623 1038 2685 descensus
1054 2623 1168 2684 Christi
1191 2623 1228 2683 ad
1245 2625 1375 2699 inferos,
1400 2626 1438 2687 de
1516 2693 1518 2704 Ι

123 2740 126 2744 -
160 2728 222 2790 quo
241 2711 375 2772 lectores
388 2726 450 2769 non
461 2726 541 2769 nunc
554 2710 685 2785 primum
700 2711 875 2781 informari,
893 2711 953 2772 loci
964 2712 1064 2771 nostri
1076 2713 1156 2770 ratio
1176 2712 1253 2771 satis
1272 2710 1353 2770 clarc
1365 2729 1445 2790 pro,

160 2797 212 2858 dit.
238 2795 355 2857 Etenim
367 2795 492 2856 brevior
505 2799 554 2855 est
567 2795 725 2872 apostolus
745 2801 776 2856 et
795 2797 896 2857 minus
914 2796 1036 2857 subtilis
1048 2814 1140 2873 quam
1155 2799 1185 2856 in
1202 2796 1344 2873 dogmate
1359 2801 1438 2859 tanti

160 2884 306 2944 momenti
328 2884 460 2960 primum
477 2880 624 2940 tradendo
648 2880 784 2941 debuitl
818 2882 951 2944 Proinde
974 2883 1159 2944 desistamus
1183 2899 1291 2958 aspa,
1314 2884 1382 2944 lore
1401 2892 1438 2945 ut

162 2985 199 3032 ex
221 2975 328 3030 nostro
352 2969 418 3028 loco
440 2983 553 3045 perse
578 2971 717 3043 spectato
740 2970 782 3028 ita
804 2970 1006 3030 informemur
1029 2967 1066 3029 de
1089 2967 1256 3039 descensu,
1285 2972 1320 3027 ut
1337 2976 1437 3032 totum

161 3055 242 3116 illins
261 3055 407 3116 ambitum
430 3053 527 3114 oculis
551 3055 640 3130 quasi
662 3055 870 3121 terminemus.
908 3055 1015 3133 Neque
1041 3057 1164 3114 omnino
1187 3055 1237 3114 bic
1259 3054 1345 3115 locus
1369 3063 1438 3117 erat

160 3140 418 3202 commemorandi
447 3138 519 3217 qnid
548 3139 616 3199 aliis
643 3139 757 3201 fuisset
784 3139 954 3202 descensus
978 3141 1107 3210 Christi,
1131 3158 1157 3199 e.
1176 3157 1202 3202 c.
1225 3140 1344 3217 angelis
1366 3144 1437 3204 istis

162 3228 264 3299 malis,
289 3229 389 3305 quiet
406 3228 465 3302 ipsi
488 3226 617 3285 vinculis
639 3229 820 3291 tenerentur
842 3228 873 3286 in
890 3229 1010 3287 inferno
1033 3227 1126 3286 Petro
1143 3234 1174 3286 et
1189 3226 1269 3295 tuta
1288 3229 1434 3290 testibus,

124 3382 126 3386 ,
160 3313 224 3374 Hoc
247 3329 339 3374 unum
361 3307 492 3390 spectat,
510 3310 589 3387 ¹quid
612 3314 712 3389 egerit
734 3312 874 3373 Christus
897 3328 1050 3391 apparens
1072 3314 1154 3372 inter
1175 3314 1301 3389 eosqui
1321 3313 1435 3377 diluvio

161 3401 212 3460 illo
235 3399 354 3476 abrepti
382 3397 619 3470 inobedientiam
643 3414 730 3459 suam
752 3400 784 3458 in
813 3415 939 3480 carcerc
960 3400 1088 3460 luerent.
1138 3398 1255 3471 Quanta
1279 3401 1360 3460 enim
1383 3419 1435 3461 an-

160 3488 279 3564 thnnm
301 3483 375 3544 illud
397 3489 519 3561 tempus
543 3489 576 3544 et
596 3501 745 3561 praesens
769 3484 1014 3545 Christianorum
1037 3484 1171 3545 conditio
1195 3486 1276 3544 inter
1305 3503 1340 3546 se
1362 3504 1434 3548 con·
1464 3509 1467 3515 ·

156 3575 263 3650 juncta
281 3573 343 3632 siut
358 3570 564 3640 similitudine,
581 3570 647 3647 ipse
664 3571 740 3630 satis
755 3569 836 3630 clare
852 3570 988 3631 ostendit
1003 3587 1131 3648 parvum
1149 3588 1255 3631 eorum
1271 3588 1433 3634 numerum

160 3661 212 3736 qul
233 3665 308 3721 tunc
329 3658 361 3716 in
384 3673 454 3716 arca
477 3657 592 3716 serrati
614 3657 681 3716 sint
703 3671 890 3732 componens
915 3674 983 3718 cum
1012 3656 1433 3734 paucitate'Christianorum

160 3747 213 3822 qui
231 3746 414 3822 baptismum
430 3743 460 3801 in
476 3759 510 3803 se
533 3742 707 3819 recipiant³
741 3742 817 3815 Quid
834 3748 936 3803 autem
949 3745 1048 3820 potuit
1063 3744 1161 3820 magis
1181 3744 1283 3803 facere
1301 3745 1338 3815 ad
1362 3763 1433 3818 con-

160 3830 326 3891 hrmandos
348 3835 516 3907 paucorum
539 3833 570 3887 et
591 3844 772 3904 pressorum
796 3828 1040 3890 Christianorum
1071 3830 1203 3901 animos,
1232 3847 1324 3906 quam
1351 3832 1436 3908 quod

160 3914 327 3987 Christum,
350 3922 385 3977 ut
406 3917 538 3994 primum
557 3915 624 3990 ipse
645 3915 745 3974 victor
767 3917 955 3992 epassionis
972 3917 1108 3976 cruciatu
1123 3914 1292 3993 prodierit,
1317 3917 1434 3980 abiisse

159 4000 298 4064 riderent
319 4003 507 4065 confutatum
529 3999 771 4066 incredulitatem
796 4005 828 4060 et
850 4001 1089 4062 inobedIentiam
1118 4002 1320 4063 multitudinis
1351 4004 1434 4066 illius

162 4144 358 4160 ,ρ--ῳ-

226 4224 249 4276 1.
269 4212 318 4272 th.
337 4221 485 4290 Wiesinger
502 4223 604 4291 plata:
626 4221 709 4285 „blan
726 4239 796 4274 macas
814 4224 864 4275 den
883 4223 949 4274 Sino
966 4241 1016 4276 eon
1033 4242 1056 4277 ο.
1068 4224 1109 4276 19.
1121 4224 1159 4275 20
1175 4222 1248 4273 nicht
1264 4221 1333 4273 nach
1348 4225 1432 4278 dieser

160 4288 342 4348 relcttoo'tebeo
358 4291 549 4361 Anbnaipfung‚
567 4291 730 4361 derqleicheo
747 4292 793 4342 der
815 4291 885 4355 Verf.
904 4292 977 4354 laete,
997 4293 1144 4345 bestimmert
1160 4289 1281 4342 wollen.“

75 4386 82 4391 ·
168 4401 171 4406 -
225 4363 249 4414 2.
266 4357 317 4411 Cir.
335 4354 444 4425 Weiss
462 4361 558 4412 Patria.
577 4361 729 4428 Lebrbegra
748 4358 860 4423 „Petrus
881 4370 946 4412 serm
962 4363 1004 4415 die
1023 4360 1186 4425 flodesfobrt
1204 4358 1301 4411 cto-rso·
1318 4378 1353 4412 aa
1371 4365 1427 4416 siet

121 4466 124 4474 ι
157 4434 206 4484 dea
224 4431 318 4483 Luem
341 4445 369 4479 so
386 4438 432 4494 gut
455 4431 495 4481 uls
514 4430 625 4483 tolcam
641 4446 752 4491 coraus,
775 4432 823 4480 arie
840 4431 881 4482 dte
899 4431 1000 4481 andem
1020 4429 1182 4481 transactor
1201 4445 1249 4478 aas
1271 4431 1328 4480 dem
1345 4431 1428 4484 Leton

161 4502 267 4562 Christi,
278 4499 319 4550 die
333 4515 361 4549 er
375 4499 403 4547 io
415 4513 518 4548 casnm
529 4499 616 4563 Briefe
626 4499 741 4551 mmdbnt
750 4501 804 4550 ond
813 4499 923 4568 yedeobt
932 4501 1004 4551 ihrer
1011 4515 1063 4549 our
1070 4496 1269 4564 pelopenttactf‘
1288 4513 1314 4564 p.
1325 4501 1374 4553 229
1385 4516 1425 4568 sq.

158 4566 290 4623 Gunder
308 4566 366 4620 lt:
385 4565 496 4629 „Petrus
514 4566 607 4620 tommo
623 4570 695 4622 mehr
712 4585 763 4619 our
781 4569 891 4634 sosdtlig
909 4568 962 4630 auf
974 4568 1013 4618 sa'c
1029 4581 1062 4615 aa
1079 4564 1185 4621 rodem?
1204 4565 1236 4615 al.

225 4639 249 4692 3.
273 4635 325 4688 din
343 4635 380 4689 be
397 4633 496 4686 welle:
515 4662 573 4697 ‚‚·-
589 4646 682 4689 rettete
698 4640 755 4688 aaa
777 4637 861 4689 labiae
878 4635 998 4698 Auscii,
1019 4634 1070 4683 das
1091 4631 1229 4700 Gegeabild
1251 4636 1298 4686 der
1317 4636 1426 4690 Familia

76 4727 78 4734 ·
157 4707 283 4760 Νοοίιέ.“
