<?xml version="1.0" encoding="UTF-8"?>
<!DOCTYPE html PUBLIC "-//W3C//DTD XHTML 1.0 Transitional//EN"
    "http://www.w3.org/TR/xhtml1/DTD/xhtml1-transitional.dtd">
<html xmlns="http://www.w3.org/1999/xhtml" xml:lang="en" lang="en">
 <head>
  <title>
</title>
<meta http-equiv="Content-Type" content="text/html;charset=utf-8" />
  <meta name='ocr-system' content='tesseract 3.04.00' />
  <meta name='ocr-capabilities' content='ocr_page ocr_carea ocr_par ocr_line ocrx_word'/>
</head>
<body>
  <div class='ocr_page' id='page_1' title='image "./petriapostolide01zezsgoog_0042.png"; bbox 0 0 3210 5228; ppageno 0'>
   <div class='ocr_carea' id='block_1_1' title="bbox 680 267 1440 342">
    <p class='ocr_par' dir='ltr' id='par_1_1' title="bbox 680 267 1440 342">
     <span class='ocr_line' id='line_1_1' title="bbox 680 267 1440 342; baseline 0.003 -14"><span class='ocrx_word' id='word_1_1' title='bbox 680 271 784 329; x_wconf 80' lang='lat' dir='ltr'>anrn.</span> <span class='ocrx_word' id='word_1_2' title='bbox 800 271 849 342; x_wconf 92' lang='lat' dir='ltr'>lll,</span> <span class='ocrx_word' id='word_1_3' title='bbox 871 269 917 331; x_wconf 76' lang='lat' dir='ltr'>lt.</span> <span class='ocrx_word' id='word_1_4' title='bbox 1400 267 1440 330; x_wconf 82' lang='lat'>33</span> 
     </span>
    </p>
   </div>
   <div class='ocr_carea' id='block_1_2' title="bbox 134 437 1486 1894">
    <p class='ocr_par' dir='ltr' id='par_1_2' title="bbox 134 437 1486 1894">
     <span class='ocr_line' id='line_1_2' title="bbox 159 437 1441 516; baseline -0.003 -14"><span class='ocrx_word' id='word_1_5' title='bbox 159 445 248 511; x_wconf 84' lang='lat' dir='ltr'>tura,</span> <span class='ocrx_word' id='word_1_6' title='bbox 272 439 319 500; x_wconf 93' lang='lat' dir='ltr'>cni</span> <span class='ocrx_word' id='word_1_7' title='bbox 342 440 466 516; x_wconf 89' lang='lat' dir='ltr'>propria</span> <span class='ocrx_word' id='word_1_8' title='bbox 489 438 581 515; x_wconf 91' lang='lat' dir='ltr'>hujus</span> <span class='ocrx_word' id='word_1_9' title='bbox 594 438 682 499; x_wconf 86' lang='lat' dir='ltr'>verbi</span> <span class='ocrx_word' id='word_1_10' title='bbox 697 440 743 499; x_wconf 83' lang='lat' dir='ltr'>vis</span> <span class='ocrx_word' id='word_1_11' title='bbox 761 443 832 515; x_wconf 90' lang='lat' dir='ltr'>apte</span> <span class='ocrx_word' id='word_1_12' title='bbox 850 437 1163 500; x_wconf 88' lang='lat' dir='ltr'>accommodaretur.¹</span> <span class='ocrx_word' id='word_1_13' title='bbox 1198 437 1331 511; x_wconf 78' lang='lat' dir='ltr'>Flauius,</span> <span class='ocrx_word' id='word_1_14' title='bbox 1349 456 1441 515; x_wconf 90' lang='lat' dir='ltr'>quem</span> 
     </span>
     <span class='ocr_line' id='line_1_3' title="bbox 159 523 1440 602; baseline -0.002 -14"><span class='ocrx_word' id='word_1_15' title='bbox 159 526 263 588; x_wconf 91' lang='lat' dir='ltr'>solum</span> <span class='ocrx_word' id='word_1_16' title='bbox 285 527 351 585; x_wconf 87' lang='lat' dir='ltr'>iere</span> <span class='ocrx_word' id='word_1_17' title='bbox 374 524 484 585; x_wconf 87' lang='lat' dir='ltr'>bacin</span> <span class='ocrx_word' id='word_1_18' title='bbox 508 541 599 586; x_wconf 87' lang='lat' dir='ltr'>eausa</span> <span class='ocrx_word' id='word_1_19' title='bbox 623 525 801 586; x_wconf 79' lang='lat' dir='ltr'>elaborasse</span> <span class='ocrx_word' id='word_1_20' title='bbox 824 526 930 597; x_wconf 91' lang='lat' dir='ltr'>video,</span> <span class='ocrx_word' id='word_1_21' title='bbox 955 527 1030 585; x_wconf 90' lang='lat' dir='ltr'>satis</span> <span class='ocrx_word' id='word_1_22' title='bbox 1053 529 1138 584; x_wconf 92' lang='lat' dir='ltr'>recte</span> <span class='ocrx_word' id='word_1_23' title='bbox 1162 523 1227 595; x_wconf 83' lang='lat' dir='ltr'>„Ni</span> <span class='ocrx_word' id='word_1_24' title='bbox 1247 525 1291 584; x_wconf 84' lang='lat' dir='ltr'>Ti.</span> <span class='ocrx_word' id='word_1_25' title='bbox 1310 528 1440 602; x_wconf 89' lang='lat' dir='ltr'>scripto-</span> 
     </span>
     <span class='ocr_line' id='line_1_4' title="bbox 158 599 1440 688; baseline -0.003 -14"><span class='ocrx_word' id='word_1_26' title='bbox 158 618 240 674; x_wconf 85' lang='lat' dir='ltr'>res“</span> <span class='ocrx_word' id='word_1_27' title='bbox 267 612 367 688; x_wconf 92' lang='lat' dir='ltr'>inquit</span> <span class='ocrx_word' id='word_1_28' title='bbox 395 658 410 682; x_wconf 90' lang='lat'>,‚</span> <span class='ocrx_word' id='word_1_29' title='bbox 421 615 520 670; x_wconf 90' lang='lat' dir='ltr'>sumta</span> <span class='ocrx_word' id='word_1_30' title='bbox 548 611 680 672; x_wconf 81' lang='lat' dir='ltr'>dictione</span> <span class='ocrx_word' id='word_1_31' title='bbox 703 629 720 669; x_wconf 90' lang='lat' dir='ltr'>a</span> <span class='ocrx_word' id='word_1_32' title='bbox 742 599 948 688; x_wconf 80' lang='lat' dir='ltr'>pra‘edouibus</span> <span class='ocrx_word' id='word_1_33' title='bbox 972 614 1024 688; x_wconf 90' lang='lat' dir='ltr'>qui</span> <span class='ocrx_word' id='word_1_34' title='bbox 1053 614 1126 670; x_wconf 90' lang='lat' dir='ltr'>sunt</span> <span class='ocrx_word' id='word_1_35' title='bbox 1148 628 1256 686; x_wconf 83' lang='lat' dir='ltr'>regum</span> <span class='ocrx_word' id='word_1_36' title='bbox 1278 616 1310 670; x_wconf 93' lang='lat' dir='ltr'>et</span> <span class='ocrx_word' id='word_1_37' title='bbox 1329 611 1440 686; x_wconf 87' lang='lat' dir='ltr'>guber-</span> 
     </span>
     <span class='ocr_line' id='line_1_5' title="bbox 159 696 1441 775; baseline -0.002 -15"><span class='ocrx_word' id='word_1_38' title='bbox 159 704 307 760; x_wconf 77' lang='lat' dir='ltr'><strong>natorum</strong></span> <span class='ocrx_word' id='word_1_39' title='bbox 335 697 480 768; x_wconf 88' lang='lat' dir='ltr'>ministri‚</span> <span class='ocrx_word' id='word_1_40' title='bbox 514 715 548 756; x_wconf 87' lang='lat' dir='ltr'>ao</span> <span class='ocrx_word' id='word_1_41' title='bbox 575 700 696 757; x_wconf 89' lang='lat' dir='ltr'>intensa</span> <span class='ocrx_word' id='word_1_42' title='bbox 728 716 803 758; x_wconf 89' lang='lat' dir='ltr'>voce</span> <span class='ocrx_word' id='word_1_43' title='bbox 835 698 948 775; x_wconf 92' lang='lat' dir='ltr'>populo</span> <span class='ocrx_word' id='word_1_44' title='bbox 977 696 1166 757; x_wconf 86' lang='lat' dir='ltr'>voluntatem</span> <span class='ocrx_word' id='word_1_45' title='bbox 1199 702 1251 755; x_wconf 89' lang='lat' dir='ltr'>aut</span> <span class='ocrx_word' id='word_1_46' title='bbox 1283 696 1441 757; x_wconf 86' lang='lat' dir='ltr'>decretum</span> 
     </span>
     <span class='ocr_line' id='line_1_6' title="bbox 145 781 1441 861; baseline -0.005 -12"><span class='ocrx_word' id='word_1_47' title='bbox 145 787 398 860; x_wconf 73' lang='lat' dir='ltr'>magistratuum</span> <span class='ocrx_word' id='word_1_48' title='bbox 426 781 606 843; x_wconf 90' lang='lat' dir='ltr'>denuntiant</span> <span class='ocrx_word' id='word_1_49' title='bbox 630 820 664 829; x_wconf 74' lang='lat'>·-</span> <span class='ocrx_word' id='word_1_50' title='bbox 699 783 741 842; x_wconf 94' lang='lat' dir='ltr'>ob</span> <span class='ocrx_word' id='word_1_51' title='bbox 767 781 1277 861; x_wconf 52' lang='lat' dir='ltr'>quandamtsimilitudinem</span> <span class='ocrx_word' id='word_1_52' title='bbox 1305 799 1441 858; x_wconf 86' lang='lat' dir='ltr'>perso-</span> 
     </span>
     <span class='ocr_line' id='line_1_7' title="bbox 159 871 1442 946; baseline -0.004 -14"><span class='ocrx_word' id='word_1_53' title='bbox 159 888 308 941; x_wconf 83' lang='lat' dir='ltr'>narum,</span> <span class='ocrx_word' id='word_1_54' title='bbox 330 887 457 928; x_wconf 90' lang='lat' dir='ltr'>rerum</span> <span class='ocrx_word' id='word_1_55' title='bbox 479 875 541 929; x_wconf 93' lang='lat' dir='ltr'>aut</span> <span class='ocrx_word' id='word_1_56' title='bbox 561 871 774 930; x_wconf 84' lang='lat' dir='ltr'>functionis</span> <span class='ocrx_word' id='word_1_57' title='bbox 797 871 1001 932; x_wconf 90' lang='lat' dir='ltr'>ministerium</span> <span class='ocrx_word' id='word_1_58' title='bbox 1022 877 1053 929; x_wconf 92' lang='lat' dir='ltr'>et</span> <span class='ocrx_word' id='word_1_59' title='bbox 1075 872 1328 946; x_wconf 80' lang='lat' dir='ltr'>propagationem</span> <span class='ocrx_word' id='word_1_60' title='bbox 1352 886 1442 928; x_wconf 89' lang='lat' dir='ltr'>evan-</span> 
     </span>
     <span class='ocr_line' id='line_1_8' title="bbox 161 955 1443 1036; baseline -0.002 -19"><span class='ocrx_word' id='word_1_61' title='bbox 161 957 237 1036; x_wconf 84' lang='lat' dir='ltr'>gelii</span> <span class='ocrx_word' id='word_1_62' title='bbox 267 959 503 1031; x_wconf 81' lang='lat' dir='ltr'>expresserunt,</span> <span class='ocrx_word' id='word_1_63' title='bbox 540 961 574 1014; x_wconf 89' lang='lat' dir='ltr'>ut</span> <span class='ocrx_word' id='word_1_64' title='bbox 594 955 772 1016; x_wconf 88' lang='lat' dir='ltr'>indicarent</span> <span class='ocrx_word' id='word_1_65' title='bbox 801 957 1040 1032; x_wconf 83' lang='lat' dir='ltr'>evangelium</span> <span class='ocrx_word' id='word_1_66' title='bbox 1069 955 1190 1025; x_wconf 90' lang='lat' dir='ltr'>clare,</span> <span class='ocrx_word' id='word_1_67' title='bbox 1218 956 1374 1033; x_wconf 88' lang='lat' dir='ltr'>publice</span> <span class='ocrx_word' id='word_1_68' title='bbox 1406 961 1443 1014; x_wconf 93' lang='lat' dir='ltr'>et</span> 
     </span>
     <span class='ocr_line' id='line_1_9' title="bbox 162 1040 1442 1118; baseline -0.005 -12"><span class='ocrx_word' id='word_1_69' title='bbox 162 1044 292 1106; x_wconf 85' lang='lat' dir='ltr'>libere</span> <span class='ocrx_word' id='word_1_70' title='bbox 322 1058 404 1100; x_wconf 89' lang='lat' dir='ltr'>cum</span> <span class='ocrx_word' id='word_1_71' title='bbox 433 1041 587 1117; x_wconf 90' lang='lat' dir='ltr'>quadam</span> <span class='ocrx_word' id='word_1_72' title='bbox 616 1040 802 1118; x_wconf 90' lang='lat' dir='ltr'>dignitate</span> <span class='ocrx_word' id='word_1_73' title='bbox 831 1050 866 1102; x_wconf 89' lang='lat' dir='ltr'>et</span> <span class='ocrx_word' id='word_1_74' title='bbox 893 1044 1130 1102; x_wconf 88' lang='lat' dir='ltr'>auctoritate</span> <span class='ocrx_word' id='word_1_75' title='bbox 1157 1043 1298 1102; x_wconf 89' lang='lat' dir='ltr'>omnibns</span> <span class='ocrx_word' id='word_1_76' title='bbox 1321 1040 1442 1101; x_wconf 90' lang='lat' dir='ltr'>traden-</span> 
     </span>
     <span class='ocr_line' id='line_1_10' title="bbox 167 1126 1446 1204; baseline -0.005 -12"><span class='ocrx_word' id='word_1_77' title='bbox 167 1129 237 1191; x_wconf 80' lang='lat' dir='ltr'>dum</span> <span class='ocrx_word' id='word_1_78' title='bbox 274 1134 304 1187; x_wconf 92' lang='lat' dir='ltr'>et</span> <span class='ocrx_word' id='word_1_79' title='bbox 339 1127 551 1187; x_wconf 90' lang='lat' dir='ltr'>inculcandum</span> <span class='ocrx_word' id='word_1_80' title='bbox 570 1141 668 1198; x_wconf 89' lang='lat' dir='ltr'>esse,</span> <span class='ocrx_word' id='word_1_81' title='bbox 703 1131 783 1188; x_wconf 93' lang='lat' dir='ltr'>sicut</span> <span class='ocrx_word' id='word_1_82' title='bbox 816 1129 887 1190; x_wconf 91' lang='lat' dir='ltr'>olim</span> <span class='ocrx_word' id='word_1_83' title='bbox 918 1145 1089 1204; x_wconf 84' lang='lat' dir='ltr'>praecones</span> <span class='ocrx_word' id='word_1_84' title='bbox 1125 1128 1266 1187; x_wconf 90' lang='lat' dir='ltr'>solebant</span> <span class='ocrx_word' id='word_1_85' title='bbox 1303 1126 1446 1187; x_wconf 85' lang='lat' dir='ltr'>adstante</span> 
     </span>
     <span class='ocr_line' id='line_1_11' title="bbox 164 1213 1444 1292; baseline -0.005 -14"><span class='ocrx_word' id='word_1_86' title='bbox 164 1223 217 1278; x_wconf 78' lang='lat' dir='ltr'>aut</span> <span class='ocrx_word' id='word_1_87' title='bbox 243 1219 392 1291; x_wconf 91' lang='lat' dir='ltr'>sequente</span> <span class='ocrx_word' id='word_1_88' title='bbox 415 1221 517 1289; x_wconf 86' lang='lat' dir='ltr'>rege“</span> <span class='ocrx_word' id='word_1_89' title='bbox 542 1215 660 1291; x_wconf 84' lang='lat' dir='ltr'>(Clavis</span> <span class='ocrx_word' id='word_1_90' title='bbox 684 1232 709 1276; x_wconf 91' lang='lat' dir='ltr'>s.</span> <span class='ocrx_word' id='word_1_91' title='bbox 731 1235 757 1277; x_wconf 92' lang='lat' dir='ltr'>v.</span> <span class='ocrx_word' id='word_1_92' title='bbox 782 1214 987 1292; x_wconf 87' lang='lat' dir='ltr'>praedicare).</span> <span class='ocrx_word' id='word_1_93' title='bbox 1025 1213 1141 1288; x_wconf 79' lang='lat' dir='ltr'>Quibus</span> <span class='ocrx_word' id='word_1_94' title='bbox 1164 1220 1249 1274; x_wconf 90' lang='lat' dir='ltr'>recte</span> <span class='ocrx_word' id='word_1_95' title='bbox 1273 1214 1444 1274; x_wconf 89' lang='lat' dir='ltr'>declaratur</span> 
     </span>
     <span class='ocr_line' id='line_1_12' title="bbox 163 1299 1445 1376; baseline -0.005 -11"><span class='ocrx_word' id='word_1_96' title='bbox 163 1303 330 1365; x_wconf 83' lang='lat' dir='ltr'>lucutionis</span> <span class='ocrx_word' id='word_1_97' title='bbox 358 1302 463 1376; x_wconf 59' lang='lat' dir='ltr'>origo:</span> <span class='ocrx_word' id='word_1_98' title='bbox 500 1301 663 1361; x_wconf 88' lang='lat' dir='ltr'>Enimvero</span> <span class='ocrx_word' id='word_1_99' title='bbox 691 1318 754 1360; x_wconf 90' lang='lat' dir='ltr'>nou</span> <span class='ocrx_word' id='word_1_100' title='bbox 780 1301 906 1370; x_wconf 79' lang='lat' dir='ltr'>suflicit,</span> <span class='ocrx_word' id='word_1_101' title='bbox 933 1318 1024 1360; x_wconf 91' lang='lat' dir='ltr'>usum</span> <span class='ocrx_word' id='word_1_102' title='bbox 1047 1300 1134 1360; x_wconf 88' lang='lat' dir='ltr'>verbi</span> <span class='ocrx_word' id='word_1_103' title='bbox 1163 1301 1193 1358; x_wconf 92' lang='lat' dir='ltr'>in</span> <span class='ocrx_word' id='word_1_104' title='bbox 1220 1299 1350 1360; x_wconf 90' lang='lat' dir='ltr'>docendi</span> <span class='ocrx_word' id='word_1_105' title='bbox 1375 1316 1445 1375; x_wconf 94' lang='lat' dir='ltr'>pro-</span> 
     </span>
     <span class='ocr_line' id='line_1_13' title="bbox 161 1382 1447 1469; baseline -0.006 -18"><span class='ocrx_word' id='word_1_106' title='bbox 161 1386 360 1469; x_wconf 84' lang='lat' dir='ltr'>pagandique</span> <span class='ocrx_word' id='word_1_107' title='bbox 384 1388 571 1461; x_wconf 85' lang='lat' dir='ltr'>evangelii</span> <span class='ocrx_word' id='word_1_108' title='bbox 595 1389 721 1446; x_wconf 89' lang='lat' dir='ltr'>notione</span> <span class='ocrx_word' id='word_1_109' title='bbox 742 1389 902 1448; x_wconf 86' lang='lat' dir='ltr'>contineri.</span> <span class='ocrx_word' id='word_1_110' title='bbox 939 1387 993 1446; x_wconf 86' lang='lat' dir='ltr'>Est</span> <span class='ocrx_word' id='word_1_111' title='bbox 1015 1403 1090 1445; x_wconf 88' lang='lat' dir='ltr'>saue</span> <span class='ocrx_word' id='word_1_112' title='bbox 1108 1386 1257 1461; x_wconf 85' lang='lat' dir='ltr'>evangelii</span> <span class='ocrx_word' id='word_1_113' title='bbox 1273 1390 1382 1445; x_wconf 90' lang='lat' dir='ltr'>natura</span> <span class='ocrx_word' id='word_1_114' title='bbox 1404 1382 1447 1444; x_wconf 90' lang='lat' dir='ltr'>ita</span> 
     </span>
     <span class='ocr_line' id='line_1_14' title="bbox 164 1464 1447 1551; baseline -0.005 -14"><span class='ocrx_word' id='word_1_115' title='bbox 164 1478 356 1550; x_wconf 86' lang='lat' dir='ltr'>comparata,</span> <span class='ocrx_word' id='word_1_116' title='bbox 381 1478 415 1532; x_wconf 90' lang='lat' dir='ltr'>ut</span> <span class='ocrx_word' id='word_1_117' title='bbox 437 1491 503 1532; x_wconf 88' lang='lat' dir='ltr'>eam</span> <span class='ocrx_word' id='word_1_118' title='bbox 519 1471 648 1532; x_wconf 89' lang='lat' dir='ltr'>docendi</span> <span class='ocrx_word' id='word_1_119' title='bbox 672 1473 764 1534; x_wconf 87' lang='lat' dir='ltr'>verba</span> <span class='ocrx_word' id='word_1_120' title='bbox 787 1469 954 1545; x_wconf 75' lang='grc' dir='ltr'><em>διδάσκειν,</em></span> <span class='ocrx_word' id='word_1_121' title='bbox 979 1464 1185 1551; x_wconf 73' lang='grc' dir='ltr'><strong><em>παραδιδόναι</em></strong></span> <span class='ocrx_word' id='word_1_122' title='bbox 1209 1475 1240 1531; x_wconf 87' lang='lat' dir='ltr'>et</span> <span class='ocrx_word' id='word_1_123' title='bbox 1264 1489 1342 1549; x_wconf 87' lang='lat' dir='ltr'>qnae</span> <span class='ocrx_word' id='word_1_124' title='bbox 1364 1473 1447 1531; x_wconf 90' lang='lat' dir='ltr'>simi-</span> 
     </span>
     <span class='ocr_line' id='line_1_15' title="bbox 134 1558 1448 1637; baseline -0.005 -15"><span class='ocrx_word' id='word_1_125' title='bbox 134 1558 318 1637; x_wconf 62' lang='lat' dir='ltr'>xlia-apud</span> <span class='ocrx_word' id='word_1_126' title='bbox 347 1558 548 1635; x_wconf 91' lang='lat' dir='ltr'>philosophos</span> <span class='ocrx_word' id='word_1_127' title='bbox 575 1559 679 1618; x_wconf 91' lang='lat' dir='ltr'>locum</span> <span class='ocrx_word' id='word_1_128' title='bbox 703 1558 817 1619; x_wconf 88' lang='lat' dir='ltr'>babent</span> <span class='ocrx_word' id='word_1_129' title='bbox 845 1577 953 1636; x_wconf 89' lang='lat' dir='ltr'>parum</span> <span class='ocrx_word' id='word_1_130' title='bbox 983 1564 1054 1635; x_wconf 90' lang='lat' dir='ltr'>apte</span> <span class='ocrx_word' id='word_1_131' title='bbox 1084 1558 1350 1631; x_wconf 83' lang='lat' dir='ltr'>circumscribant3</span> <span class='ocrx_word' id='word_1_132' title='bbox 1380 1575 1448 1616; x_wconf 90' lang='lat' dir='ltr'>nam</span> 
     </span>
     <span class='ocr_line' id='line_1_16' title="bbox 166 1639 1446 1723; baseline -0.004 -16"><span class='ocrx_word' id='word_1_133' title='bbox 166 1639 274 1716; x_wconf 75' lang='lat' dir='ltr'>rerum</span> <span class='ocrx_word' id='word_1_134' title='bbox 302 1651 458 1720; x_wconf 83' lang='lat' dir='ltr'>gestarum</span> <span class='ocrx_word' id='word_1_135' title='bbox 483 1647 608 1705; x_wconf 90' lang='lat' dir='ltr'>nuntius</span> <span class='ocrx_word' id='word_1_136' title='bbox 630 1647 733 1723; x_wconf 90' lang='lat' dir='ltr'>potius</span> <span class='ocrx_word' id='word_1_137' title='bbox 757 1651 807 1705; x_wconf 87' lang='lat' dir='ltr'>est</span> <span class='ocrx_word' id='word_1_138' title='bbox 836 1663 928 1721; x_wconf 91' lang='lat' dir='ltr'>quam</span> <span class='ocrx_word' id='word_1_139' title='bbox 946 1646 1102 1705; x_wconf 84' lang='lat' dir='ltr'>scientiae</span> <span class='ocrx_word' id='word_1_140' title='bbox 1125 1643 1254 1719; x_wconf 87' lang='lat' dir='ltr'>alicujus</span> <span class='ocrx_word' id='word_1_141' title='bbox 1278 1644 1446 1720; x_wconf 86' lang='lat' dir='ltr'>disciplina.</span> 
     </span>
     <span class='ocr_line' id='line_1_17' title="bbox 166 1727 1486 1808; baseline -0.008 -12"><span class='ocrx_word' id='word_1_142' title='bbox 166 1733 230 1796; x_wconf 79' lang='lat' dir='ltr'>Sed</span> <span class='ocrx_word' id='word_1_143' title='bbox 250 1731 325 1790; x_wconf 88' lang='lat' dir='ltr'>haee</span> <span class='ocrx_word' id='word_1_144' title='bbox 350 1734 417 1808; x_wconf 88' lang='lat' dir='ltr'>ipsa</span> <span class='ocrx_word' id='word_1_145' title='bbox 448 1729 503 1791; x_wconf 86' lang='lat' dir='ltr'>est&#39;</span> <span class='ocrx_word' id='word_1_146' title='bbox 524 1734 608 1792; x_wconf 92' lang='lat' dir='ltr'>notio</span> <span class='ocrx_word' id='word_1_147' title='bbox 629 1730 796 1791; x_wconf 88' lang='lat' dir='ltr'>verborum</span> <span class='ocrx_word' id='word_1_148' title='bbox 825 1728 1034 1808; x_wconf 78' lang='grc' dir='ltr'><em>ἀναγγέλλειν,</em></span> <span class='ocrx_word' id='word_1_149' title='bbox 1058 1727 1284 1808; x_wconf 74' lang='grc' dir='ltr'><em>καταγγέλλειν,</em></span> <span class='ocrx_word' id='word_1_150' title='bbox 1309 1727 1448 1807; x_wconf 73' lang='grc' dir='ltr'><em>ιλιαγγέλ-</em></span> <span class='ocrx_word' id='word_1_151' title='bbox 1485 1802 1486 1806; x_wconf 9' lang='lat'>¹</span> 
     </span>
     <span class='ocr_line' id='line_1_18' title="bbox 167 1816 1445 1894; baseline -0.005 -14"><span class='ocrx_word' id='word_1_152' title='bbox 167 1823 241 1888; x_wconf 87' lang='grc' dir='ltr'><em>λειν,</em></span> <span class='ocrx_word' id='word_1_153' title='bbox 266 1833 398 1894; x_wconf 87' lang='lat' dir='ltr'>quorum</span> <span class='ocrx_word' id='word_1_154' title='bbox 421 1834 511 1880; x_wconf 80' lang='lat' dir='ltr'>usum</span> <span class='ocrx_word' id='word_1_155' title='bbox 536 1816 734 1877; x_wconf 80' lang='lat' dir='ltr'>Alexandrini</span> <span class='ocrx_word' id='word_1_156' title='bbox 761 1819 792 1877; x_wconf 93' lang='lat' dir='ltr'>in</span> <span class='ocrx_word' id='word_1_157' title='bbox 814 1817 894 1876; x_wconf 90' lang='lat' dir='ltr'>hunc</span> <span class='ocrx_word' id='word_1_158' title='bbox 917 1817 1009 1876; x_wconf 88' lang='lat' dir='ltr'>linem</span> <span class='ocrx_word' id='word_1_159' title='bbox 1038 1817 1126 1892; x_wconf 90' lang='lat' dir='ltr'>quasi</span> <span class='ocrx_word' id='word_1_160' title='bbox 1148 1816 1445 1892; x_wconf 84' lang='lat' dir='ltr'>praeformavernnt.</span> 
     </span>
    </p>
   </div>
   <div class='ocr_carea' id='block_1_3' title="bbox 169 1901 1558 1980">
    <p class='ocr_par' dir='ltr' id='par_1_3' title="bbox 169 1901 1558 1980">
     <span class='ocr_line' id='line_1_19' title="bbox 169 1901 1558 1980; baseline -0.006 -13"><span class='ocrx_word' id='word_1_161' title='bbox 169 1903 249 1980; x_wconf 76' lang='lat' dir='ltr'>Quin</span> <span class='ocrx_word' id='word_1_162' title='bbox 277 1901 358 1979; x_wconf 91' lang='lat' dir='ltr'>quod</span> <span class='ocrx_word' id='word_1_163' title='bbox 389 1903 548 1978; x_wconf 77' lang='lat' dir='ltr'>peculiare</span> <span class='ocrx_word' id='word_1_164' title='bbox 573 1902 700 1963; x_wconf 86' lang='lat' dir='ltr'>verbum</span> <span class='ocrx_word' id='word_1_165' title='bbox 728 1902 807 1963; x_wconf 86' lang='lat' dir='ltr'>LXX</span> <span class='ocrx_word' id='word_1_166' title='bbox 835 1901 1057 1978; x_wconf 86' lang='lat' dir='ltr'>interpretibus</span> <span class='ocrx_word' id='word_1_167' title='bbox 1086 1903 1162 1961; x_wconf 89' lang='lat' dir='ltr'>satis</span> <span class='ocrx_word' id='word_1_168' title='bbox 1190 1903 1337 1962; x_wconf 89' lang='lat' dir='ltr'>usitatum</span> <span class='ocrx_word' id='word_1_169' title='bbox 1366 1902 1447 1979; x_wconf 87' lang='lat' dir='ltr'>(Jes.</span> <span class='ocrx_word' id='word_1_170' title='bbox 1482 1912 1486 1922; x_wconf 73' lang='lat'><strong><em>¹</em></strong></span> <span class='ocrx_word' id='word_1_171' title='bbox 1550 1941 1558 1946; x_wconf 92' lang='lat'>-</span> 
     </span>
    </p>
   </div>
   <div class='ocr_carea' id='block_1_4' title="bbox 144 1987 1542 4055">
    <p class='ocr_par' dir='ltr' id='par_1_4' title="bbox 144 1987 1452 2840">
     <span class='ocr_line' id='line_1_20' title="bbox 168 1987 1448 2066; baseline -0.004 -15"><span class='ocrx_word' id='word_1_172' title='bbox 168 1989 520 2062; x_wconf 79' lang='lat' dir='ltr'>n11‚7.rs.xovl‚2</span> <span class='ocrx_word' id='word_1_173' title='bbox 544 1988 599 2065; x_wconf 85' lang='lat' dir='ltr'>al.)</span> <span class='ocrx_word' id='word_1_174' title='bbox 622 1992 748 2066; x_wconf 88' lang='lat' dir='ltr'>praesto</span> <span class='ocrx_word' id='word_1_175' title='bbox 772 1994 853 2061; x_wconf 90' lang='lat' dir='ltr'>erat,</span> <span class='ocrx_word' id='word_1_176' title='bbox 881 1988 919 2047; x_wconf 90' lang='lat' dir='ltr'>ab</span> <span class='ocrx_word' id='word_1_177' title='bbox 948 1990 1016 2065; x_wconf 91' lang='lat' dir='ltr'>ipso</span> <span class='ocrx_word' id='word_1_178' title='bbox 1044 1987 1095 2046; x_wconf 94' lang='lat' dir='ltr'>illo</span> <span class='ocrx_word' id='word_1_179' title='bbox 1126 1988 1249 2047; x_wconf 91' lang='lat' dir='ltr'>nomine</span> <span class='ocrx_word' id='word_1_180' title='bbox 1279 1987 1448 2047; x_wconf 85' lang='lat' dir='ltr'>derivatum</span> 
     </span>
     <span class='ocr_line' id='line_1_21' title="bbox 169 2070 1449 2154; baseline -0.005 -16"><span class='ocrx_word' id='word_1_181' title='bbox 169 2073 364 2154; x_wconf 78' lang='grc' dir='ltr'><em>εάαγγελίζειν</em></span> <span class='ocrx_word' id='word_1_182' title='bbox 388 2091 414 2137; x_wconf 90' lang='lat' dir='ltr'>s.</span> <span class='ocrx_word' id='word_1_183' title='bbox 439 2070 695 2152; x_wconf 78' lang='grc' dir='ltr'><em>εὐαγγελίζεσθαι.</em></span> <span class='ocrx_word' id='word_1_184' title='bbox 742 2075 787 2135; x_wconf 82' lang='lat' dir='ltr'>Ex</span> <span class='ocrx_word' id='word_1_185' title='bbox 809 2075 875 2135; x_wconf 92' lang='lat' dir='ltr'>sola</span> <span class='ocrx_word' id='word_1_186' title='bbox 897 2075 1048 2150; x_wconf 84' lang='lat' dir='ltr'>evangelii</span> <span class='ocrx_word' id='word_1_187' title='bbox 1071 2075 1196 2133; x_wconf 91' lang='lat' dir='ltr'>notione</span> <span class='ocrx_word' id='word_1_188' title='bbox 1225 2091 1277 2134; x_wconf 90' lang='lat' dir='ltr'>res</span> <span class='ocrx_word' id='word_1_189' title='bbox 1305 2091 1367 2133; x_wconf 91' lang='lat' dir='ltr'>non</span> <span class='ocrx_word' id='word_1_190' title='bbox 1398 2091 1449 2133; x_wconf 82' lang='lat' dir='ltr'>err-</span> 
     </span>
     <span class='ocr_line' id='line_1_22' title="bbox 170 2159 1450 2242; baseline -0.005 -19"><span class='ocrx_word' id='word_1_191' title='bbox 170 2162 310 2242; x_wconf 88' lang='lat' dir='ltr'>plicatur.</span> <span class='ocrx_word' id='word_1_192' title='bbox 345 2160 442 2219; x_wconf 81' lang='lat' dir='ltr'>Aliam</span> <span class='ocrx_word' id='word_1_193' title='bbox 464 2162 496 2220; x_wconf 93' lang='lat' dir='ltr'>in</span> <span class='ocrx_word' id='word_1_194' title='bbox 519 2161 663 2221; x_wconf 80' lang='lat' dir='ltr'>auxilinm</span> <span class='ocrx_word' id='word_1_195' title='bbox 681 2177 828 2222; x_wconf 89' lang='lat' dir='ltr'>vocemus</span> <span class='ocrx_word' id='word_1_196' title='bbox 844 2177 974 2222; x_wconf 92' lang='lat' dir='ltr'>necesse</span> <span class='ocrx_word' id='word_1_197' title='bbox 997 2165 1046 2220; x_wconf 91' lang='lat' dir='ltr'>est</span> <span class='ocrx_word' id='word_1_198' title='bbox 1067 2161 1223 2220; x_wconf 88' lang='lat' dir='ltr'>notionem</span> <span class='ocrx_word' id='word_1_199' title='bbox 1240 2159 1296 2219; x_wconf 90' lang='lat' dir='ltr'>No.</span> <span class='ocrx_word' id='word_1_200' title='bbox 1310 2161 1364 2221; x_wconf 72' lang='lat' dir='ltr'>&#39;l‘o</span> <span class='ocrx_word' id='word_1_201' title='bbox 1388 2176 1450 2219; x_wconf 92' lang='lat' dir='ltr'>non</span> 
     </span>
     <span class='ocr_line' id='line_1_23' title="bbox 171 2246 1451 2325; baseline -0.005 -14"><span class='ocrx_word' id='word_1_202' title='bbox 171 2250 275 2312; x_wconf 87' lang='lat' dir='ltr'>minus</span> <span class='ocrx_word' id='word_1_203' title='bbox 297 2248 468 2324; x_wconf 86' lang='lat' dir='ltr'>propriam,</span> <span class='ocrx_word' id='word_1_204' title='bbox 493 2250 524 2306; x_wconf 92' lang='lat' dir='ltr'>in</span> <span class='ocrx_word' id='word_1_205' title='bbox 548 2265 608 2323; x_wconf 92' lang='lat' dir='ltr'>qua</span> <span class='ocrx_word' id='word_1_206' title='bbox 632 2250 720 2325; x_wconf 91' lang='lat' dir='ltr'>qnasi</span> <span class='ocrx_word' id='word_1_207' title='bbox 748 2247 978 2307; x_wconf 84' lang='lat' dir='ltr'>fundamentum</span> <span class='ocrx_word' id='word_1_208' title='bbox 1002 2263 1165 2322; x_wconf 41' lang='lat' dir='ltr'>omneque,</span> <span class='ocrx_word' id='word_1_209' title='bbox 1179 2246 1329 2323; x_wconf 86' lang='lat' dir='ltr'>evangelii</span> <span class='ocrx_word' id='word_1_210' title='bbox 1360 2264 1451 2323; x_wconf 86' lang='lat' dir='ltr'>argu·</span> 
     </span>
     <span class='ocr_line' id='line_1_24' title="bbox 171 2328 1449 2411; baseline -0.005 -15"><span class='ocrx_word' id='word_1_211' title='bbox 171 2339 309 2397; x_wconf 73' lang='lat' dir='ltr'>nidulum</span> <span class='ocrx_word' id='word_1_212' title='bbox 332 2338 494 2404; x_wconf 83' lang='lat' dir='ltr'>cernatur,</span> <span class='ocrx_word' id='word_1_213' title='bbox 519 2333 636 2394; x_wconf 84' lang='lat' dir='ltr'>scilicet</span> <span class='ocrx_word' id='word_1_214' title='bbox 659 2333 854 2411; x_wconf 68' lang='grc' dir='ltr'><em>βασιλείαν</em></span> <span class='ocrx_word' id='word_1_215' title='bbox 878 2337 951 2392; x_wconf 79' lang='grc' dir='ltr'><em>τῶν</em></span> <span class='ocrx_word' id='word_1_216' title='bbox 974 2328 1146 2409; x_wconf 79' lang='grc' dir='ltr'><em>οὐρανῶν</em></span> <span class='ocrx_word' id='word_1_217' title='bbox 1168 2335 1234 2393; x_wconf 86' lang='lat' dir='ltr'>slve</span> <span class='ocrx_word' id='word_1_218' title='bbox 1256 2335 1322 2391; x_wconf 77' lang='grc' dir='ltr'>τοῦ</span> <span class='ocrx_word' id='word_1_219' title='bbox 1345 2333 1449 2390; x_wconf 73' lang='grc' dir='ltr'><em>θεοῦ.</em></span> 
     </span>
     <span class='ocr_line' id='line_1_25' title="bbox 144 2418 1452 2504; baseline -0.003 -24"><span class='ocrx_word' id='word_1_220' title='bbox 144 2432 150 2440; x_wconf 89' lang='grc'>’</span> <span class='ocrx_word' id='word_1_221' title='bbox 171 2421 252 2504; x_wconf 77' lang='lat' dir='ltr'>llaec</span> <span class='ocrx_word' id='word_1_222' title='bbox 271 2424 320 2480; x_wconf 88' lang='lat' dir='ltr'>est</span> <span class='ocrx_word' id='word_1_223' title='bbox 342 2436 432 2494; x_wconf 89' lang='lat' dir='ltr'>quam</span> <span class='ocrx_word' id='word_1_224' title='bbox 446 2419 565 2479; x_wconf 87' lang='lat' dir='ltr'>Flacins</span> <span class='ocrx_word' id='word_1_225' title='bbox 588 2419 661 2481; x_wconf 91' lang='lat' dir='ltr'>dicit</span> <span class='ocrx_word' id='word_1_226' title='bbox 683 2418 869 2492; x_wconf 82' lang='lat' dir='ltr'>„similitudo</span> <span class='ocrx_word' id='word_1_227' title='bbox 888 2435 1106 2502; x_wconf 87' lang='lat' dir='ltr'>personarum,</span> <span class='ocrx_word' id='word_1_228' title='bbox 1129 2435 1234 2479; x_wconf 90' lang='lat' dir='ltr'>rerum</span> <span class='ocrx_word' id='word_1_229' title='bbox 1252 2424 1304 2478; x_wconf 91' lang='lat' dir='ltr'>aut</span> <span class='ocrx_word' id='word_1_230' title='bbox 1322 2419 1452 2478; x_wconf 87' lang='lat' dir='ltr'>functio-</span> 
     </span>
     <span class='ocr_line' id='line_1_26' title="bbox 173 2504 1451 2582; baseline -0.005 -14"><span class='ocrx_word' id='word_1_231' title='bbox 173 2509 253 2568; x_wconf 85' lang='lat' dir='ltr'>nis.“</span> <span class='ocrx_word' id='word_1_232' title='bbox 288 2505 420 2565; x_wconf 90' lang='lat' dir='ltr'>Nuntius</span> <span class='ocrx_word' id='word_1_233' title='bbox 441 2506 492 2565; x_wconf 91' lang='lat' dir='ltr'>ille</span> <span class='ocrx_word' id='word_1_234' title='bbox 515 2523 627 2578; x_wconf 88' lang='lat' dir='ltr'>novus,</span> <span class='ocrx_word' id='word_1_235' title='bbox 651 2524 742 2582; x_wconf 88' lang='lat' dir='ltr'>quem</span> <span class='ocrx_word' id='word_1_236' title='bbox 766 2506 907 2565; x_wconf 83' lang='lat' dir='ltr'>Christus</span> <span class='ocrx_word' id='word_1_237' title='bbox 931 2505 1106 2581; x_wconf 79' lang='lat' dir='ltr'>Christique</span> <span class='ocrx_word' id='word_1_238' title='bbox 1130 2504 1260 2582; x_wconf 91' lang='lat' dir='ltr'>apostoli</span> <span class='ocrx_word' id='word_1_239' title='bbox 1276 2504 1451 2563; x_wconf 91' lang='lat' dir='ltr'>bominibus</span> 
     </span>
     <span class='ocr_line' id='line_1_27' title="bbox 174 2586 1452 2670; baseline -0.004 -17"><span class='ocrx_word' id='word_1_240' title='bbox 174 2592 366 2663; x_wconf 90' lang='lat' dir='ltr'>detulerunt,</span> <span class='ocrx_word' id='word_1_241' title='bbox 397 2596 446 2668; x_wconf 88' lang='lat' dir='ltr'>est</span> <span class='ocrx_word' id='word_1_242' title='bbox 476 2589 509 2651; x_wconf 84' lang='grc' dir='ltr'>τὸ</span> <span class='ocrx_word' id='word_1_243' title='bbox 539 2588 709 2668; x_wconf 70' lang='grc' dir='ltr'><em>εὐαγγέλιον</em></span> <span class='ocrx_word' id='word_1_244' title='bbox 740 2595 796 2670; x_wconf 81' lang='grc' dir='ltr'>τῆς</span> <span class='ocrx_word' id='word_1_245' title='bbox 823 2591 991 2666; x_wconf 72' lang='grc' dir='ltr'><em>βασιλείας.</em></span> <span class='ocrx_word' id='word_1_246' title='bbox 1040 2586 1094 2650; x_wconf 79' lang='lat' dir='ltr'>cur</span> <span class='ocrx_word' id='word_1_247' title='bbox 1122 2594 1240 2651; x_wconf 91' lang='lat' dir='ltr'>notioni</span> <span class='ocrx_word' id='word_1_248' title='bbox 1267 2608 1358 2666; x_wconf 89' lang='lat' dir='ltr'>quarn</span> <span class='ocrx_word' id='word_1_249' title='bbox 1381 2597 1452 2666; x_wconf 89' lang='lat' dir='ltr'>apte</span> 
     </span>
     <span class='ocr_line' id='line_1_28' title="bbox 173 2674 1452 2760; baseline -0.002 -20"><span class='ocrx_word' id='word_1_250' title='bbox 173 2676 362 2755; x_wconf 88' lang='lat' dir='ltr'>respondeat</span> <span class='ocrx_word' id='word_1_251' title='bbox 384 2674 546 2757; x_wconf 78' lang='grc' dir='ltr'><em>κηρύσσειν</em></span> <span class='ocrx_word' id='word_1_252' title='bbox 569 2678 696 2738; x_wconf 89' lang='lat' dir='ltr'>verbum</span> <span class='ocrx_word' id='word_1_253' title='bbox 719 2684 850 2760; x_wconf 86' lang='lat' dir='ltr'>nonest</span> <span class='ocrx_word' id='word_1_254' title='bbox 873 2677 955 2754; x_wconf 90' lang='lat' dir='ltr'>quod</span> <span class='ocrx_word' id='word_1_255' title='bbox 974 2695 1169 2755; x_wconf 78' lang='lat' dir='ltr'>exponamus.</span> <span class='ocrx_word' id='word_1_256' title='bbox 1206 2677 1350 2753; x_wconf 88' lang='lat' dir='ltr'>Singulos</span> <span class='ocrx_word' id='word_1_257' title='bbox 1366 2675 1452 2737; x_wconf 89' lang='lat' dir='ltr'>locos</span> 
     </span>
     <span class='ocr_line' id='line_1_29' title="bbox 174 2763 594 2840; baseline -0.014 -13"><span class='ocrx_word' id='word_1_258' title='bbox 174 2765 334 2840; x_wconf 84' lang='lat' dir='ltr'>librosque</span> <span class='ocrx_word' id='word_1_259' title='bbox 352 2765 417 2839; x_wconf 85' lang='lat' dir='ltr'>jam</span> <span class='ocrx_word' id='word_1_260' title='bbox 440 2763 594 2824; x_wconf 90' lang='lat' dir='ltr'>adeamus.</span> 
     </span>
    </p>

    <p class='ocr_par' dir='ltr' id='par_1_5' title="bbox 151 2847 1458 3696">
     <span class='ocr_line' id='line_1_30' title="bbox 262 2847 1454 2927; baseline -0.001 -18"><span class='ocrx_word' id='word_1_261' title='bbox 262 2851 397 2910; x_wconf 89' lang='lat' dir='ltr'>Primum</span> <span class='ocrx_word' id='word_1_262' title='bbox 420 2850 661 2920; x_wconf 83' lang='lat' dir='ltr'>animadvertas,</span> <span class='ocrx_word' id='word_1_263' title='bbox 686 2867 817 2927; x_wconf 85' lang='lat' dir='ltr'>quaeso,</span> <span class='ocrx_word' id='word_1_264' title='bbox 839 2848 917 2925; x_wconf 90' lang='lat' dir='ltr'>apud</span> <span class='ocrx_word' id='word_1_265' title='bbox 936 2847 1123 2919; x_wconf 78' lang='lat' dir='ltr'>iohannem,</span> <span class='ocrx_word' id='word_1_266' title='bbox 1149 2848 1228 2923; x_wconf 89' lang='lat' dir='ltr'>apud</span> <span class='ocrx_word' id='word_1_267' title='bbox 1252 2866 1343 2925; x_wconf 91' lang='lat' dir='ltr'>quem</span> <span class='ocrx_word' id='word_1_268' title='bbox 1366 2850 1454 2924; x_wconf 85' lang='lat' dir='ltr'>regni</span> 
     </span>
     <span class='ocr_line' id='line_1_31' title="bbox 176 2933 1454 3012; baseline -0.008 -11"><span class='ocrx_word' id='word_1_269' title='bbox 176 2934 269 3000; x_wconf 84' lang='lat' dir='ltr'>divini</span> <span class='ocrx_word' id='word_1_270' title='bbox 293 2939 407 2996; x_wconf 91' lang='lat' dir='ltr'>mentio</span> <span class='ocrx_word' id='word_1_271' title='bbox 431 2939 553 2997; x_wconf 91' lang='lat' dir='ltr'>omnino</span> <span class='ocrx_word' id='word_1_272' title='bbox 576 2937 677 2995; x_wconf 85' lang='lat' dir='ltr'>rarior</span> <span class='ocrx_word' id='word_1_273' title='bbox 699 2940 762 3008; x_wconf 89' lang='lat' dir='ltr'>est,</span> <span class='ocrx_word' id='word_1_274' title='bbox 785 2933 981 3012; x_wconf 87' lang='lat' dir='ltr'>praedicandi</span> <span class='ocrx_word' id='word_1_275' title='bbox 999 2936 1084 3010; x_wconf 85' lang='lat' dir='ltr'>regni</span> <span class='ocrx_word' id='word_1_276' title='bbox 1104 2952 1142 2994; x_wconf 92' lang='lat' dir='ltr'>ne</span> <span class='ocrx_word' id='word_1_277' title='bbox 1160 2933 1220 2993; x_wconf 89' lang='lat' dir='ltr'>ulla</span> <span class='ocrx_word' id='word_1_278' title='bbox 1238 2933 1374 3011; x_wconf 89' lang='lat' dir='ltr'>quidem,</span> <span class='ocrx_word' id='word_1_279' title='bbox 1399 2955 1454 3010; x_wconf 85' lang='grc' dir='ltr'>κη-</span> 
     </span>
     <span class='ocr_line' id='line_1_32' title="bbox 176 3017 1454 3104; baseline -0.005 -19"><span class='ocrx_word' id='word_1_280' title='bbox 176 3021 299 3104; x_wconf 77' lang='grc' dir='ltr'><em>ρύσσειν</em></span> <span class='ocrx_word' id='word_1_281' title='bbox 323 3023 404 3082; x_wconf 93' lang='lat' dir='ltr'>nullo</span> <span class='ocrx_word' id='word_1_282' title='bbox 428 3024 494 3083; x_wconf 94' lang='lat' dir='ltr'>loco</span> <span class='ocrx_word' id='word_1_283' title='bbox 506 3076 507 3079; x_wconf 71' lang='grc'><em>,</em></span> <span class='ocrx_word' id='word_1_284' title='bbox 518 3024 586 3099; x_wconf 82' lang='lat' dir='ltr'>legi.</span> <span class='ocrx_word' id='word_1_285' title='bbox 621 3021 700 3082; x_wconf 84' lang='lat' dir='ltr'>LXX</span> <span class='ocrx_word' id='word_1_286' title='bbox 717 3025 920 3098; x_wconf 87' lang='lat' dir='ltr'>interpretum</span> <span class='ocrx_word' id='word_1_287' title='bbox 937 3039 1028 3080; x_wconf 90' lang='lat' dir='ltr'>usum</span> <span class='ocrx_word' id='word_1_288' title='bbox 1044 3037 1179 3096; x_wconf 90' lang='lat' dir='ltr'>sequens</span> <span class='ocrx_word' id='word_1_289' title='bbox 1197 3017 1388 3098; x_wconf 71' lang='lat' dir='ltr'>dvoyyltinv</span> <span class='ocrx_word' id='word_1_290' title='bbox 1405 3019 1454 3080; x_wconf 79' lang='lat' dir='ltr'>uel</span> 
     </span>
     <span class='ocr_line' id='line_1_33' title="bbox 177 3102 1454 3187; baseline -0.008 -15"><span class='ocrx_word' id='word_1_291' title='bbox 177 3111 269 3172; x_wconf 79' lang='lat' dir='ltr'>etiam</span> <span class='ocrx_word' id='word_1_292' title='bbox 293 3103 489 3187; x_wconf 66' lang='grc' dir='ltr'><em>ἀπαγγέλλειν</em></span> <span class='ocrx_word' id='word_1_293' title='bbox 513 3111 549 3184; x_wconf 87' lang='grc'>(1</span> <span class='ocrx_word' id='word_1_294' title='bbox 565 3109 635 3171; x_wconf 85' lang='lat' dir='ltr'>Joh.</span> <span class='ocrx_word' id='word_1_295' title='bbox 650 3110 676 3181; x_wconf 87' lang='lat' dir='ltr'>l,</span> <span class='ocrx_word' id='word_1_296' title='bbox 696 3110 723 3170; x_wconf 78' lang='lat'>2.</span> <span class='ocrx_word' id='word_1_297' title='bbox 743 3109 778 3170; x_wconf 85' lang='lat'>3:</span> <span class='ocrx_word' id='word_1_298' title='bbox 803 3104 859 3187; x_wconf 84' lang='grc' dir='ltr'><em>τὴν</em></span> <span class='ocrx_word' id='word_1_299' title='bbox 883 3102 995 3185; x_wconf 75' lang='grc' dir='ltr'><em>ζωήν),</em></span> <span class='ocrx_word' id='word_1_300' title='bbox 1019 3108 1214 3183; x_wconf 82' lang='lat' dir='ltr'>potissimum</span> <span class='ocrx_word' id='word_1_301' title='bbox 1236 3122 1310 3166; x_wconf 86' lang='lat' dir='ltr'>vero</span> <span class='ocrx_word' id='word_1_302' title='bbox 1331 3127 1454 3183; x_wconf 78' lang='grc' dir='ltr'><em>μαρτυ-</em></span> 
     </span>
     <span class='ocr_line' id='line_1_34' title="bbox 178 3190 1455 3277; baseline -0.004 -21"><span class='ocrx_word' id='word_1_303' title='bbox 178 3204 240 3277; x_wconf 76' lang='grc' dir='ltr'><em>ρεῖν</em></span> <span class='ocrx_word' id='word_1_304' title='bbox 269 3196 299 3253; x_wconf 91' lang='lat' dir='ltr'>in</span> <span class='ocrx_word' id='word_1_305' title='bbox 328 3196 395 3270; x_wconf 90' lang='lat' dir='ltr'>ejus</span> <span class='ocrx_word' id='word_1_306' title='bbox 418 3194 499 3255; x_wconf 92' lang='lat' dir='ltr'>modi</span> <span class='ocrx_word' id='word_1_307' title='bbox 522 3196 598 3255; x_wconf 90' lang='lat' dir='ltr'>locis</span> <span class='ocrx_word' id='word_1_308' title='bbox 621 3212 735 3271; x_wconf 86' lang='lat' dir='ltr'>ponere</span> <span class='ocrx_word' id='word_1_309' title='bbox 759 3194 897 3255; x_wconf 75' lang='lat' dir='ltr'>maluit²</span> <span class='ocrx_word' id='word_1_310' title='bbox 936 3193 1252 3263; x_wconf 63' lang='lat' dir='ltr'>,ContraMattbaeus</span> <span class='ocrx_word' id='word_1_311' title='bbox 1275 3196 1383 3251; x_wconf 90' lang='lat' dir='ltr'>auctor</span> <span class='ocrx_word' id='word_1_312' title='bbox 1404 3190 1455 3251; x_wconf 87' lang='lat' dir='ltr'>ille</span> 
     </span>
     <span class='ocr_line' id='line_1_35' title="bbox 179 3270 1456 3358; baseline -0.005 -14"><span class='ocrx_word' id='word_1_313' title='bbox 179 3288 211 3344; x_wconf 92' lang='lat' dir='ltr'>et</span> <span class='ocrx_word' id='word_1_314' title='bbox 232 3283 321 3358; x_wconf 90' lang='lat' dir='ltr'>quasi</span> <span class='ocrx_word' id='word_1_315' title='bbox 343 3282 445 3342; x_wconf 84' lang='lat' dir='ltr'>fautor</span> <span class='ocrx_word' id='word_1_316' title='bbox 468 3299 605 3342; x_wconf 89' lang='lat' dir='ltr'>summus</span> <span class='ocrx_word' id='word_1_317' title='bbox 631 3281 787 3341; x_wconf 87' lang='lat' dir='ltr'>doctrinae</span> <span class='ocrx_word' id='word_1_318' title='bbox 817 3279 854 3339; x_wconf 92' lang='lat' dir='ltr'>de</span> <span class='ocrx_word' id='word_1_319' title='bbox 883 3295 979 3354; x_wconf 88' lang='lat' dir='ltr'>regno</span> <span class='ocrx_word' id='word_1_320' title='bbox 1010 3279 1113 3339; x_wconf 91' lang='lat' dir='ltr'>divino</span> <span class='ocrx_word' id='word_1_321' title='bbox 1142 3295 1203 3338; x_wconf 92' lang='lat' dir='ltr'>non</span> <span class='ocrx_word' id='word_1_322' title='bbox 1232 3270 1334 3338; x_wconf 86' lang='lat' dir='ltr'>solum</span> <span class='ocrx_word' id='word_1_323' title='bbox 1360 3277 1456 3339; x_wconf 89' lang='lat' dir='ltr'>verbo</span> 
     </span>
     <span class='ocr_line' id='line_1_36' title="bbox 178 3361 1457 3447; baseline -0.002 -20"><span class='ocrx_word' id='word_1_324' title='bbox 178 3373 346 3447; x_wconf 79' lang='grc' dir='ltr'><em>μαρτυρεῖν</em></span> <span class='ocrx_word' id='word_1_325' title='bbox 369 3370 526 3439; x_wconf 74' lang='lat' dir='ltr'>rarissime</span> <span class='ocrx_word' id='word_1_326' title='bbox 550 3370 661 3439; x_wconf 88' lang='lat' dir='ltr'>utitur,</span> <span class='ocrx_word' id='word_1_327' title='bbox 691 3367 746 3428; x_wconf 92' lang='lat' dir='ltr'>sed</span> <span class='ocrx_word' id='word_1_328' title='bbox 770 3367 941 3444; x_wconf 89' lang='lat' dir='ltr'>composita</span> <span class='ocrx_word' id='word_1_329' title='bbox 963 3366 1013 3424; x_wconf 90' lang='lat' dir='ltr'>illa</span> <span class='ocrx_word' id='word_1_330' title='bbox 1035 3364 1121 3426; x_wconf 88' lang='lat' dir='ltr'>verbi</span> <span class='ocrx_word' id='word_1_331' title='bbox 1145 3361 1296 3443; x_wconf 74' lang='grc' dir='ltr'><em>ἀγγέλλειν</em></span> <span class='ocrx_word' id='word_1_332' title='bbox 1319 3370 1372 3425; x_wconf 88' lang='lat' dir='ltr'>aut</span> <span class='ocrx_word' id='word_1_333' title='bbox 1394 3382 1457 3424; x_wconf 90' lang='lat' dir='ltr'>om-</span> 
     </span>
     <span class='ocr_line' id='line_1_37' title="bbox 179 3445 1458 3533; baseline -0.004 -17"><span class='ocrx_word' id='word_1_334' title='bbox 179 3456 251 3516; x_wconf 90' lang='lat' dir='ltr'>nino</span> <span class='ocrx_word' id='word_1_335' title='bbox 276 3456 338 3513; x_wconf 84' lang='lat' dir='ltr'>non</span> <span class='ocrx_word' id='word_1_336' title='bbox 366 3453 471 3527; x_wconf 89' lang='lat' dir='ltr'>habet,</span> <span class='ocrx_word' id='word_1_337' title='bbox 497 3461 550 3514; x_wconf 90' lang='lat' dir='ltr'>aut</span> <span class='ocrx_word' id='word_1_338' title='bbox 574 3449 770 3533; x_wconf 75' lang='grc' dir='ltr'><em>ἀπαγγέλλειν</em></span> <span class='ocrx_word' id='word_1_339' title='bbox 795 3452 832 3512; x_wconf 91' lang='lat' dir='ltr'>de</span> <span class='ocrx_word' id='word_1_340' title='bbox 854 3445 969 3512; x_wconf 91' lang='lat' dir='ltr'>nuntiis</span> <span class='ocrx_word' id='word_1_341' title='bbox 996 3451 1197 3528; x_wconf 89' lang='lat' dir='ltr'>quibuslibet,</span> <span class='ocrx_word' id='word_1_342' title='bbox 1222 3451 1276 3512; x_wconf 88' lang='lat' dir='ltr'>sed</span> <span class='ocrx_word' id='word_1_343' title='bbox 1304 3469 1458 3528; x_wconf 90' lang='lat' dir='ltr'>nunquam</span> 
     </span>
     <span class='ocr_line' id='line_1_38' title="bbox 182 3536 1457 3617; baseline -0.005 -15"><span class='ocrx_word' id='word_1_344' title='bbox 182 3557 278 3602; x_wconf 87' lang='lat' dir='ltr'>sensu</span> <span class='ocrx_word' id='word_1_345' title='bbox 301 3539 352 3599; x_wconf 91' lang='lat' dir='ltr'>illo</span> <span class='ocrx_word' id='word_1_346' title='bbox 382 3542 517 3617; x_wconf 85' lang='lat' dir='ltr'>graviori</span> <span class='ocrx_word' id='word_1_347' title='bbox 540 3541 577 3600; x_wconf 93' lang='lat' dir='ltr'>de</span> <span class='ocrx_word' id='word_1_348' title='bbox 604 3557 702 3615; x_wconf 87' lang='lat' dir='ltr'>regno</span> <span class='ocrx_word' id='word_1_349' title='bbox 732 3538 834 3599; x_wconf 89' lang='lat' dir='ltr'>divino</span> <span class='ocrx_word' id='word_1_350' title='bbox 863 3537 1069 3599; x_wconf 88' lang='lat' dir='ltr'>annuntiando</span> <span class='ocrx_word' id='word_1_351' title='bbox 1098 3543 1234 3614; x_wconf 88' lang='lat' dir='ltr'>usurpat.</span> <span class='ocrx_word' id='word_1_352' title='bbox 1280 3536 1362 3597; x_wconf 89' lang='lat' dir='ltr'>ldem</span> <span class='ocrx_word' id='word_1_353' title='bbox 1392 3538 1457 3597; x_wconf 86' lang='lat' dir='ltr'>lere</span> 
     </span>
     <span class='ocr_line' id='line_1_39' title="bbox 151 3624 1069 3696; baseline -0.004 -7"><span class='ocrx_word' id='word_1_354' title='bbox 151 3631 157 3638; x_wconf 83' lang='grc'><strong>’</strong></span> <span class='ocrx_word' id='word_1_355' title='bbox 181 3627 262 3689; x_wconf 88' lang='lat' dir='ltr'>valet</span> <span class='ocrx_word' id='word_1_356' title='bbox 285 3624 321 3685; x_wconf 89' lang='lat' dir='ltr'>de</span> <span class='ocrx_word' id='word_1_357' title='bbox 344 3628 457 3687; x_wconf 86' lang='lat' dir='ltr'>llllarco.</span> <span class='ocrx_word' id='word_1_358' title='bbox 1067 3692 1069 3696; x_wconf 11' lang='grc' dir='ltr'><em>Α</em></span> 
     </span>
    </p>

    <p class='ocr_par' dir='ltr' id='par_1_6' title="bbox 182 3708 1542 4055">
     <span class='ocr_line' id='line_1_40' title="bbox 268 3708 1458 3790; baseline -0.007 -19"><span class='ocrx_word' id='word_1_359' title='bbox 268 3713 301 3771; x_wconf 93' lang='lat' dir='ltr'>ln</span> <span class='ocrx_word' id='word_1_360' title='bbox 324 3713 423 3773; x_wconf 92' lang='lat' dir='ltr'>Lucae</span> <span class='ocrx_word' id='word_1_361' title='bbox 450 3715 586 3790; x_wconf 83' lang='lat' dir='ltr'>scriptis,</span> <span class='ocrx_word' id='word_1_362' title='bbox 610 3731 703 3789; x_wconf 93' lang='lat' dir='ltr'>quum</span> <span class='ocrx_word' id='word_1_363' title='bbox 726 3714 814 3787; x_wconf 84' lang='lat' dir='ltr'>regni</span> <span class='ocrx_word' id='word_1_364' title='bbox 837 3711 931 3772; x_wconf 90' lang='lat' dir='ltr'>divini</span> <span class='ocrx_word' id='word_1_365' title='bbox 954 3712 1112 3770; x_wconf 92' lang='lat' dir='ltr'>notionem</span> <span class='ocrx_word' id='word_1_366' title='bbox 1135 3728 1203 3771; x_wconf 89' lang='lat' dir='ltr'>enm</span> <span class='ocrx_word' id='word_1_367' title='bbox 1227 3710 1293 3768; x_wconf 93' lang='lat' dir='ltr'>aliis</span> <span class='ocrx_word' id='word_1_368' title='bbox 1317 3724 1393 3783; x_wconf 90' lang='lat' dir='ltr'>quas</span> <span class='ocrx_word' id='word_1_369' title='bbox 1416 3708 1458 3764; x_wconf 87' lang='lat' dir='ltr'>la-</span> 
     </span>
     <span class='ocr_line' id='line_1_41' title="bbox 183 3790 1459 3874; baseline -0.012 -10"><span class='ocrx_word' id='word_1_370' title='bbox 183 3805 240 3867; x_wconf 89' lang='lat' dir='ltr'>eile</span> <span class='ocrx_word' id='word_1_371' title='bbox 265 3801 453 3864; x_wconf 88' lang='lat' dir='ltr'>substituere</span> <span class='ocrx_word' id='word_1_372' title='bbox 476 3799 562 3858; x_wconf 93' lang='lat' dir='ltr'>licuit</span> <span class='ocrx_word' id='word_1_373' title='bbox 585 3805 690 3858; x_wconf 92' lang='lat' dir='ltr'>mutuo</span> <span class='ocrx_word' id='word_1_374' title='bbox 713 3801 856 3874; x_wconf 88' lang='lat' dir='ltr'>usurpari</span> <span class='ocrx_word' id='word_1_375' title='bbox 877 3797 1049 3867; x_wconf 87' lang='lat' dir='ltr'>videamus,</span> <span class='ocrx_word' id='word_1_376' title='bbox 1075 3799 1171 3874; x_wconf 87' lang='lat' dir='ltr'>magis</span> <span class='ocrx_word' id='word_1_377' title='bbox 1196 3812 1285 3872; x_wconf 88' lang='lat' dir='ltr'>quam</span> <span class='ocrx_word' id='word_1_378' title='bbox 1308 3790 1388 3868; x_wconf 89' lang='lat' dir='ltr'>apud</span> <span class='ocrx_word' id='word_1_379' title='bbox 1410 3810 1459 3851; x_wconf 90' lang='lat' dir='ltr'>re·</span> 
     </span>
     <span class='ocr_line' id='line_1_42' title="bbox 182 3876 1459 3969; baseline -0.013 -17"><span class='ocrx_word' id='word_1_380' title='bbox 182 3892 285 3969; x_wconf 87' lang='lat' dir='ltr'>liquos</span> <span class='ocrx_word' id='word_1_381' title='bbox 314 3886 519 3962; x_wconf 84' lang='lat' dir='ltr'>evangelistas</span> <span class='ocrx_word' id='word_1_382' title='bbox 547 3887 674 3946; x_wconf 90' lang='lat' dir='ltr'>lluetuat</span> <span class='ocrx_word' id='word_1_383' title='bbox 702 3901 786 3945; x_wconf 82' lang='lat' dir='ltr'>usus</span> <span class='ocrx_word' id='word_1_384' title='bbox 832 3885 1024 3963; x_wconf 73' lang='lat' dir='ltr'>Frequentat</span> <span class='ocrx_word' id='word_1_385' title='bbox 1046 3884 1174 3943; x_wconf 90' lang='lat' dir='ltr'>verbum</span> <span class='ocrx_word' id='word_1_386' title='bbox 1204 3876 1459 3957; x_wconf 72' lang='grc' dir='ltr'><em>εὐαγγελίζεσθαι,</em></span> 
     </span>
     <span class='ocr_line' id='line_1_43' title="bbox 184 3960 1542 4055; baseline -0.012 -18"><span class='ocrx_word' id='word_1_387' title='bbox 184 3974 267 4055; x_wconf 92' lang='lat' dir='ltr'>quod</span> <span class='ocrx_word' id='word_1_388' title='bbox 291 3970 370 4050; x_wconf 91' lang='lat' dir='ltr'>apud</span> <span class='ocrx_word' id='word_1_389' title='bbox 390 3971 577 4031; x_wconf 85' lang='lat' dir='ltr'>llllattbaenm</span> <span class='ocrx_word' id='word_1_390' title='bbox 595 3971 702 4044; x_wconf 90' lang='lat' dir='ltr'>semel,</span> <span class='ocrx_word' id='word_1_391' title='bbox 725 3969 803 4047; x_wconf 93' lang='lat' dir='ltr'>apud</span> <span class='ocrx_word' id='word_1_392' title='bbox 821 3971 957 4030; x_wconf 86' lang='lat' dir='ltr'>Marcum</span> <span class='ocrx_word' id='word_1_393' title='bbox 981 3986 1136 4044; x_wconf 90' lang='lat' dir='ltr'>nunquam</span> <span class='ocrx_word' id='word_1_394' title='bbox 1159 3967 1278 4042; x_wconf 89' lang='lat' dir='ltr'>legitur.</span> <span class='ocrx_word' id='word_1_395' title='bbox 1314 3964 1357 4023; x_wconf 87' lang='lat' dir='ltr'>lta</span> <span class='ocrx_word' id='word_1_396' title='bbox 1371 3960 1459 4043; x_wconf 81' lang='grc' dir='ltr'><em>εὐαγ-</em></span> <span class='ocrx_word' id='word_1_397' title='bbox 1539 3983 1542 3996; x_wconf 94' lang='grc'>·</span> 
     </span>
    </p>
   </div>
   <div class='ocr_carea' id='block_1_5' title="bbox 184 4120 391 4130">
    <p class='ocr_par' dir='ltr' id='par_1_7' title="bbox 184 4120 391 4130">
     <span class='ocr_line' id='line_1_44' title="bbox 184 4120 391 4130; baseline -0.019 0"><span class='ocrx_word' id='word_1_398' title='bbox 184 4120 391 4130; x_wconf 46' lang='grc' dir='ltr'>..ψ’-...ῤ-</span> 
     </span>
    </p>
   </div>
   <div class='ocr_carea' id='block_1_6' title="bbox 135 4181 1484 4750">
    <p class='ocr_par' dir='ltr' id='par_1_8' title="bbox 184 4181 1484 4525">
     <span class='ocr_line' id='line_1_45' title="bbox 256 4181 1461 4256; baseline -0.01 -9"><span class='ocrx_word' id='word_1_399' title='bbox 256 4197 279 4248; x_wconf 89' lang='lat' dir='ltr'>l.</span> <span class='ocrx_word' id='word_1_400' title='bbox 299 4194 400 4246; x_wconf 86' lang='lat' dir='ltr'>Etenim</span> <span class='ocrx_word' id='word_1_401' title='bbox 421 4208 470 4243; x_wconf 91' lang='lat' dir='ltr'>non</span> <span class='ocrx_word' id='word_1_402' title='bbox 490 4193 525 4242; x_wconf 90' lang='lat' dir='ltr'>ita</span> <span class='ocrx_word' id='word_1_403' title='bbox 545 4192 631 4242; x_wconf 87' lang='lat' dir='ltr'>animo</span> <span class='ocrx_word' id='word_1_404' title='bbox 650 4181 813 4243; x_wconf 82' lang='lat' dir='ltr'>inlonnanda</span> <span class='ocrx_word' id='word_1_405' title='bbox 832 4206 873 4242; x_wconf 89' lang='lat' dir='ltr'>res</span> <span class='ocrx_word' id='word_1_406' title='bbox 892 4195 944 4251; x_wconf 89' lang='lat' dir='ltr'>est,</span> <span class='ocrx_word' id='word_1_407' title='bbox 964 4191 1037 4256; x_wconf 88' lang='lat' dir='ltr'>quasi</span> <span class='ocrx_word' id='word_1_408' title='bbox 1057 4202 1122 4255; x_wconf 89' lang='lat' dir='ltr'>quae</span> <span class='ocrx_word' id='word_1_409' title='bbox 1141 4191 1201 4237; x_wconf 85' lang='lat' dir='ltr'>ante</span> <span class='ocrx_word' id='word_1_410' title='bbox 1219 4201 1268 4236; x_wconf 92' lang='lat' dir='ltr'>usu</span> <span class='ocrx_word' id='word_1_411' title='bbox 1285 4185 1461 4254; x_wconf 79' lang='lat' dir='ltr'>frequentiore</span> 
     </span>
     <span class='ocr_line' id='line_1_46' title="bbox 184 4253 1461 4326; baseline -0.013 -7"><span class='ocrx_word' id='word_1_412' title='bbox 184 4267 311 4320; x_wconf 85' lang='lat' dir='ltr'>laxiorem</span> <span class='ocrx_word' id='word_1_413' title='bbox 331 4263 455 4314; x_wconf 88' lang='lat' dir='ltr'>ambitum</span> <span class='ocrx_word' id='word_1_414' title='bbox 476 4266 549 4311; x_wconf 85' lang='lat' dir='ltr'>nacta</span> <span class='ocrx_word' id='word_1_415' title='bbox 575 4261 609 4311; x_wconf 91' lang='lat' dir='ltr'>sit</span> <span class='ocrx_word' id='word_1_416' title='bbox 628 4261 714 4320; x_wconf 78' lang='lat' dir='ltr'>trotio,</span> <span class='ocrx_word' id='word_1_417' title='bbox 740 4266 831 4326; x_wconf 88' lang='lat' dir='ltr'>postea</span> <span class='ocrx_word' id='word_1_418' title='bbox 856 4262 882 4310; x_wconf 91' lang='lat' dir='ltr'>in</span> <span class='ocrx_word' id='word_1_419' title='bbox 906 4259 1066 4326; x_wconf 81' lang='lat' dir='ltr'>singularem</span> <span class='ocrx_word' id='word_1_420' title='bbox 1085 4253 1213 4322; x_wconf 87' lang='lat' dir='ltr'>quendam</span> <span class='ocrx_word' id='word_1_421' title='bbox 1239 4269 1315 4307; x_wconf 89' lang='lat' dir='ltr'>usum</span> <span class='ocrx_word' id='word_1_422' title='bbox 1336 4267 1461 4306; x_wconf 85' lang='lat' dir='ltr'>conversa</span> 
     </span>
     <span class='ocr_line' id='line_1_47' title="bbox 187 4322 1460 4400; baseline -0.013 -12"><span class='ocrx_word' id='word_1_423' title='bbox 187 4338 234 4396; x_wconf 87' lang='lat' dir='ltr'>sit,</span> <span class='ocrx_word' id='word_1_424' title='bbox 254 4334 298 4400; x_wconf 93' lang='lat' dir='ltr'>qui</span> <span class='ocrx_word' id='word_1_425' title='bbox 324 4348 371 4399; x_wconf 88' lang='lat' dir='ltr'>per</span> <span class='ocrx_word' id='word_1_426' title='bbox 388 4347 417 4383; x_wconf 91' lang='lat' dir='ltr'>se</span> <span class='ocrx_word' id='word_1_427' title='bbox 436 4332 537 4382; x_wconf 88' lang='lat' dir='ltr'>alienus</span> <span class='ocrx_word' id='word_1_428' title='bbox 556 4328 674 4380; x_wconf 83' lang='lat' dir='ltr'>videatur</span> <span class='ocrx_word' id='word_1_429' title='bbox 697 4345 711 4380; x_wconf 93' lang='lat' dir='ltr'>a</span> <span class='ocrx_word' id='word_1_430' title='bbox 730 4330 834 4397; x_wconf 86' lang='lat' dir='ltr'>propria</span> <span class='ocrx_word' id='word_1_431' title='bbox 854 4329 927 4380; x_wconf 88' lang='lat' dir='ltr'>verbi</span> <span class='ocrx_word' id='word_1_432' title='bbox 945 4331 1083 4396; x_wconf 88' lang='lat' dir='ltr'>potestate.</span> <span class='ocrx_word' id='word_1_433' title='bbox 1120 4322 1172 4375; x_wconf 87' lang='lat' dir='ltr'>Sed</span> <span class='ocrx_word' id='word_1_434' title='bbox 1196 4325 1304 4376; x_wconf 86' lang='lat' dir='ltr'>verbum</span> <span class='ocrx_word' id='word_1_435' title='bbox 1329 4322 1398 4390; x_wconf 91' lang='lat' dir='ltr'>quod</span> <span class='ocrx_word' id='word_1_436' title='bbox 1418 4337 1460 4373; x_wconf 87' lang='lat' dir='ltr'>so-</span> 
     </span>
     <span class='ocr_line' id='line_1_48' title="bbox 186 4391 1461 4468; baseline -0.012 -12"><span class='ocrx_word' id='word_1_437' title='bbox 186 4406 300 4456; x_wconf 89' lang='lat' dir='ltr'>lemnem</span> <span class='ocrx_word' id='word_1_438' title='bbox 319 4417 423 4468; x_wconf 88' lang='lat' dir='ltr'>semper</span> <span class='ocrx_word' id='word_1_439' title='bbox 442 4407 468 4451; x_wconf 85' lang='lat' dir='ltr'>et</span> <span class='ocrx_word' id='word_1_440' title='bbox 485 4400 581 4466; x_wconf 90' lang='lat' dir='ltr'>ubique</span> <span class='ocrx_word' id='word_1_441' title='bbox 601 4397 691 4449; x_wconf 88' lang='lat' dir='ltr'>habuit</span> <span class='ocrx_word' id='word_1_442' title='bbox 708 4413 797 4460; x_wconf 88' lang='lat' dir='ltr'>usum,</span> <span class='ocrx_word' id='word_1_443' title='bbox 815 4397 934 4448; x_wconf 82' lang='lat' dir='ltr'>videmus</span> <span class='ocrx_word' id='word_1_444' title='bbox 951 4410 1034 4446; x_wconf 89' lang='lat' dir='ltr'>novae</span> <span class='ocrx_word' id='word_1_445' title='bbox 1053 4407 1160 4461; x_wconf 87' lang='lat' dir='ltr'>prorsus</span> <span class='ocrx_word' id='word_1_446' title='bbox 1174 4393 1211 4444; x_wconf 91' lang='lat' dir='ltr'>rei</span> <span class='ocrx_word' id='word_1_447' title='bbox 1225 4395 1349 4462; x_wconf 88' lang='lat' dir='ltr'>applicari</span> <span class='ocrx_word' id='word_1_448' title='bbox 1363 4408 1421 4443; x_wconf 89' lang='lat' dir='ltr'>cum</span> <span class='ocrx_word' id='word_1_449' title='bbox 1435 4391 1461 4442; x_wconf 91' lang='lat' dir='ltr'>vi</span> 
     </span>
     <span class='ocr_line' id='line_1_49' title="bbox 189 4466 1484 4525; baseline -0.015 0"><span class='ocrx_word' id='word_1_450' title='bbox 189 4489 241 4525; x_wconf 89' lang='lat' dir='ltr'>non</span> <span class='ocrx_word' id='word_1_451' title='bbox 261 4473 347 4523; x_wconf 88' lang='lat' dir='ltr'>minus</span> <span class='ocrx_word' id='word_1_452' title='bbox 365 4469 477 4522; x_wconf 88' lang='lat' dir='ltr'>solemni</span> <span class='ocrx_word' id='word_1_453' title='bbox 496 4475 522 4520; x_wconf 88' lang='lat' dir='ltr'>et</span> <span class='ocrx_word' id='word_1_454' title='bbox 539 4469 593 4520; x_wconf 87' lang='lat' dir='ltr'>iere</span> <span class='ocrx_word' id='word_1_455' title='bbox 613 4466 740 4520; x_wconf 87' lang='lat' dir='ltr'>techniea.</span> <span class='ocrx_word' id='word_1_456' title='bbox 1482 4477 1484 4483; x_wconf 46' lang='lat'><strong>¹</strong></span> 
     </span>
    </p>

    <p class='ocr_par' dir='ltr' id='par_1_9' title="bbox 135 4525 1461 4750">
     <span class='ocr_line' id='line_1_50' title="bbox 257 4525 1459 4609; baseline -0.008 -16"><span class='ocrx_word' id='word_1_457' title='bbox 257 4544 281 4593; x_wconf 84' lang='lat'>2.</span> <span class='ocrx_word' id='word_1_458' title='bbox 302 4539 352 4590; x_wconf 78' lang='lat' dir='ltr'>dtr.</span> <span class='ocrx_word' id='word_1_459' title='bbox 371 4538 416 4599; x_wconf 85' lang='lat' dir='ltr'>lv,</span> <span class='ocrx_word' id='word_1_460' title='bbox 435 4541 481 4591; x_wconf 81' lang='lat'>25:</span> <span class='ocrx_word' id='word_1_461' title='bbox 507 4534 573 4589; x_wconf 79' lang='grc' dir='ltr'><em>ὅταν</em></span> <span class='ocrx_word' id='word_1_462' title='bbox 590 4531 660 4607; x_wconf 70' lang='grc' dir='ltr'><em>ἔλθῃ</em></span> <span class='ocrx_word' id='word_1_463' title='bbox 679 4527 814 4604; x_wconf 80' lang='grc' dir='ltr'><em>Χριστός,</em></span> <span class='ocrx_word' id='word_1_464' title='bbox 833 4528 984 4602; x_wconf 81' lang='grc' dir='ltr'><em>ἀναγγελεῖ</em></span> <span class='ocrx_word' id='word_1_465' title='bbox 999 4525 1067 4603; x_wconf 79' lang='grc' dir='ltr'><em>ἡμῖν</em></span> <span class='ocrx_word' id='word_1_466' title='bbox 1085 4525 1185 4584; x_wconf 80' lang='grc' dir='ltr'><em>πάντα.</em></span> <span class='ocrx_word' id='word_1_467' title='bbox 1209 4532 1279 4591; x_wconf 82' lang='lat' dir='ltr'>xvi,</span> <span class='ocrx_word' id='word_1_468' title='bbox 1298 4533 1338 4583; x_wconf 82' lang='lat' dir='ltr'>tl.</span> <span class='ocrx_word' id='word_1_469' title='bbox 1358 4531 1398 4609; x_wconf 58' lang='grc' dir='ltr'>λζ.</span> <span class='ocrx_word' id='word_1_470' title='bbox 1418 4531 1459 4583; x_wconf 75' lang='lat' dir='ltr'>ab.</span> 
     </span>
     <span class='ocr_line' id='line_1_51' title="bbox 135 4599 1461 4682; baseline -0.012 -20"><span class='ocrx_word' id='word_1_471' title='bbox 135 4625 136 4630; x_wconf 54' lang='lat'>¹</span> <span class='ocrx_word' id='word_1_472' title='bbox 189 4610 384 4682; x_wconf 79' lang='grc' dir='ltr'><em>μαρτυρεῖν</em></span> <span class='ocrx_word' id='word_1_473' title='bbox 400 4607 460 4659; x_wconf 88' lang='lat' dir='ltr'>Job.</span> <span class='ocrx_word' id='word_1_474' title='bbox 471 4607 517 4668; x_wconf 93' lang='lat' dir='ltr'>lll,</span> <span class='ocrx_word' id='word_1_475' title='bbox 529 4610 557 4660; x_wconf 92' lang='lat' dir='ltr'>ll</span> <span class='ocrx_word' id='word_1_476' title='bbox 580 4603 606 4668; x_wconf 77' lang='lat' dir='ltr'>(i</span> <span class='ocrx_word' id='word_1_477' title='bbox 622 4599 795 4675; x_wconf 79' lang='grc' dir='ltr'><em>ἑωράκαμεν)</em></span> <span class='ocrx_word' id='word_1_478' title='bbox 816 4603 862 4654; x_wconf 82' lang='lat' dir='ltr'>cir.</span> <span class='ocrx_word' id='word_1_479' title='bbox 880 4605 921 4656; x_wconf 79' lang='lat'>32.</span> <span class='ocrx_word' id='word_1_480' title='bbox 944 4601 1016 4666; x_wconf 86' lang='lat' dir='ltr'>lllx,</span> <span class='ocrx_word' id='word_1_481' title='bbox 1031 4604 1072 4657; x_wconf 84' lang='lat'>35.</span> <span class='ocrx_word' id='word_1_482' title='bbox 1091 4602 1165 4670; x_wconf 88' lang='lat' dir='ltr'>lEp.</span> <span class='ocrx_word' id='word_1_483' title='bbox 1176 4601 1200 4663; x_wconf 94' lang='lat' dir='ltr'>l,</span> <span class='ocrx_word' id='word_1_484' title='bbox 1215 4605 1240 4655; x_wconf 82' lang='lat'>2.</span> <span class='ocrx_word' id='word_1_485' title='bbox 1264 4599 1305 4660; x_wconf 87' lang='lat' dir='ltr'>lV,</span> <span class='ocrx_word' id='word_1_486' title='bbox 1318 4601 1360 4652; x_wconf 78' lang='lat'>14,</span> <span class='ocrx_word' id='word_1_487' title='bbox 1378 4612 1461 4668; x_wconf 76' lang='grc' dir='ltr'><em>σμαρ-</em></span> 
     </span>
     <span class='ocr_line' id='line_1_52' title="bbox 176 4670 997 4750; baseline -0.013 -18"><span class='ocrx_word' id='word_1_488' title='bbox 176 4674 308 4750; x_wconf 48' lang='grc' dir='ltr'>Ἰιε’νρησσν</span> <span class='ocrx_word' id='word_1_489' title='bbox 325 4670 452 4744; x_wconf 76' lang='grc' dir='ltr'><em>Ἰωάννης</em></span> <span class='ocrx_word' id='word_1_490' title='bbox 467 4672 559 4744; x_wconf 84' lang='grc' dir='ltr'><em>λέγων</em></span> <span class='ocrx_word' id='word_1_491' title='bbox 576 4675 701 4739; x_wconf 79' lang='lat' dir='ltr'>Ev.1‚32</span> <span class='ocrx_word' id='word_1_492' title='bbox 722 4673 768 4727; x_wconf 84' lang='lat' dir='ltr'>cir.</span> <span class='ocrx_word' id='word_1_493' title='bbox 787 4672 857 4735; x_wconf 90' lang='lat' dir='ltr'>lllll,</span> <span class='ocrx_word' id='word_1_494' title='bbox 868 4675 899 4726; x_wconf 76' lang='lat'>21</span> <span class='ocrx_word' id='word_1_495' title='bbox 919 4671 997 4724; x_wconf 87' lang='lat' dir='ltr'>simil.</span> 
     </span>
    </p>
   </div>
   <div class='ocr_carea' id='block_1_7' title="bbox 1241 4771 1257 4822">
    <p class='ocr_par' dir='ltr' id='par_1_10' title="bbox 1241 4771 1257 4822">
     <span class='ocr_line' id='line_1_53' title="bbox 1241 4771 1257 4822; baseline 0 0"><span class='ocrx_word' id='word_1_496' title='bbox 1241 4771 1257 4822; x_wconf 80' lang='lat'><strong>3</strong></span> 
     </span>
    </p>
   </div>
   <div class='ocr_carea' id='block_1_8' title="bbox 0 0 1643 5228">
    <p class='ocr_par' dir='ltr' id='par_1_11' title="bbox 0 0 1643 5228">
     <span class='ocr_line' id='line_1_54' title="bbox 0 0 1643 5228; baseline 0 0"><span class='ocrx_word' id='word_1_497' title='bbox 0 0 1643 5228; x_wconf 95' lang='lat' dir='ltr'> </span> 
     </span>
    </p>
   </div>
  </div>
 </body>
</html>
