3210 5228
772 948 803 1025 Ῑ.

578 1131 996 1231 ΙΝΤΜΜῙΟΊἿΟ.

238 1379 391 1442 Christum
415 1379 452 1440 ad
474 1381 590 1442 interos
614 1378 812 1442 descendisse
840 1379 909 1441 inde
933 1379 970 1440 ab
993 1377 1216 1455 antiquissimis
1237 1373 1440 1452 temporibus¹

153 1467 230 1547 apud
250 1467 441 1529 Christianos
464 1470 546 1528 inter
568 1467 640 1527 fidei
663 1467 808 1528 articulos
834 1466 971 1541 habitum
994 1468 1051 1526 est.
1086 1463 1120 1523 ln
1143 1461 1284 1540 symbolo
1308 1464 1430 1538 aposto·
1457 1512 1461 1521 .

152 1554 228 1625 lico,
253 1552 334 1632 quod
358 1553 482 1626 dicitur,
511 1554 548 1614 ab
571 1555 657 1614 initio
681 1553 803 1631 quidem
827 1553 920 1614 verba
945 1547 1128 1623 „descendit
1148 1548 1185 1609 ad
1207 1549 1345 1609 inferna“
1368 1564 1439 1621 non,
1488 1569 1496 1583 ’

152 1639 343 1718 legebantur.
389 1639 448 1703 Sed
473 1642 616 1719 quoniam
639 1657 656 1700 a
680 1642 791 1719 quarto
815 1638 937 1705 saeculo
960 1640 992 1697 in
1015 1636 1082 1697 aliis
1104 1633 1176 1696 fidei
1197 1632 1339 1712 regulis1
1359 1630 1430 1693 addi

155 1730 261 1804 coepta
290 1725 443 1798 videmus,
477 1727 536 1787 hoc
568 1728 669 1805 ipsum
697 1726 880 1787 documento
909 1729 973 1797 est,
1004 1722 1086 1803 quod
1116 1722 1228 1800 singuli
1256 1722 1338 1798 iique
1367 1737 1430 1781 non

155 1814 243 1890 pauci
276 1817 347 1873 ante
378 1812 540 1873 docuerint
567 1815 663 1873 totius
693 1806 840 1874 eeclesiae
868 1828 999 1874 assensu
1028 1808 1259 1887 comprohatum
1291 1807 1388 1869 fuisse
1402 1805 1427 1864 ².

156 1897 271 1973 Quibus
294 1901 326 1959 in
348 1899 481 1977 symboli
503 1900 607 1960 verbis
622 1898 702 1978 quid
726 1899 763 1960 de
781 1901 901 1959 interno
926 1899 1156 1975 animarumque
1175 1895 1218 1956 ihi
1240 1909 1429 1955 commoran-

155 1987 228 2046 tium
252 1990 348 2058 statu,
378 1984 451 2062 quid
481 1985 517 2045 de
547 1985 660 2045 Christi
690 1983 905 2046 descendentis
938 1982 1079 2050 consilio,
1110 2000 1197 2054 cura,
1226 1985 1335 2042 natura
1364 1981 1432 2057 ipsa

156 2075 343 2132 statueretur
366 2072 523 2134 enucleate
548 2071 630 2131 nullo
655 2072 779 2132 omnino
801 2076 941 2149 tempore
964 2072 1046 2130 inter
1073 2068 1217 2131 doctores
1241 2067 1433 2129 Christianos

155 2159 305 2221 convenit.
337 2157 401 2218 Nos
419 2160 497 2235 jam,
522 2160 574 2235 qui
598 2175 613 2217 a
636 2157 770 2218 Luthero
794 2175 904 2218 nomen
926 2159 1088 2228 traximus
1113 2152 1266 2235 quomodo
1282 2155 1433 2230 interpre-

154 2248 255 2304 temur
278 2244 410 2322 symboli
438 2244 600 2321 apostolici
623 2244 730 2318 uerba,
754 2262 810 2322 per
831 2244 979 2304 termulae
1008 2233 1189 2303 concordiae
1217 2258 1295 2318 quae
1323 2239 1434 2299 dicitur
1504 2287 1506 2290 .

80 2376 88 2389 .
154 2331 315 2391 articulum
339 2347 452 2391 nonum
473 2330 627 2407 aliquanto
652 2334 748 2409 magis
772 2331 895 2392 definite
925 2330 1188 2407 circumscriptum
1212 2326 1342 2388 videtur.
1373 2323 1433 2386 Ne-

154 2433 214 2494 que
237 2420 339 2477 tamen
354 2417 410 2477 hac
432 2419 551 2478 ratione
567 2420 648 2478 inter
661 2417 855 2478 Lutheranos
870 2420 957 2495 ipsos
973 2416 1113 2478 sublatus
1129 2420 1178 2477 est
1193 2415 1244 2475 ille
1260 2414 1434 2475 dissensus.

154 2503 248 2563 Immo
270 2503 409 2564 videmus
433 2521 448 2562 a
472 2504 601 2580 singulis
619 2506 684 2581 jam
707 2504 830 2565 saeculo
848 2509 934 2581 post,
953 2521 969 2563 a
992 2502 1183 2564 nostratibus
1204 2503 1270 2562 fere
1291 2500 1432 2560 omnibus

47 2653 50 2657 ,
153 2587 281 2653 liberius
304 2606 395 2668 quam
417 2607 550 2668 unquam
574 2590 610 2650 de
639 2589 780 2668 dogmate
809 2593 870 2651 isto
901 2587 1051 2674 disputari
1079 2594 1110 2650 et
1136 2607 1214 2667 quae
1243 2589 1274 2648 iu
1302 2585 1434 2646 formula

155 2678 261 2737 nostra
284 2677 440 2753 proposita
465 2681 550 2737 esset
573 2681 742 2750 sententia,
767 2679 795 2738 ei
812 2675 1145 2754 rationemabjudicari
1161 2679 1278 2736 tantum
1293 2691 1355 2735 non
1371 2688 1433 2731 orn-

155 2778 235 2822 nem.
286 2761 440 2823 Christum
469 2768 609 2835 totum,
643 2781 772 2842 corpore
801 2765 918 2823 animae
947 2763 1088 2840 adjuncto
1117 2761 1316 2823 descendisse
1344 2758 1435 2818 docet

155 2848 297 2923 norma⁸3
317 2853 423 2909 contra
442 2851 594 2908 animam
611 2850 726 2910 solam
744 2866 875 2926 corpore
893 2852 925 2909 in
942 2847 1083 2927 sepulcro
1100 2848 1242 2926 deposito
1257 2849 1337 2907 inter
1352 2860 1434 2904 mor-

157 2939 228 2997 tuos
245 2938 462 2996 commoratam
480 2953 495 2994 a
513 2936 704 2997 nostratibus
722 2937 798 2997 satis
815 2936 918 2996 multis
934 2936 1105 3000 edocemur.
1137 2932 1375 3010 Triumphum
1391 2929 1434 2990 de

159 3017 307 3081 diabolo
324 3039 483 3100 regnoque
501 3024 568 3098 ejus
586 3029 728 3099 agentem
746 3024 927 3100 apparuisse
944 3026 975 3083 in
989 3023 1109 3084 interno
1125 3022 1279 3081 Christum
1294 3020 1352 3079 tun
1365 3034 1434 3078 sen·

159 3107 251 3167 tentia
266 3106 424 3168 doctorum
440 3108 608 3169 Lutberum
624 3113 833 3187 sequentium;
857 3110 1093 3187 evangelium
1117 3109 1248 3168 mortuis
1270 3103 1436 3182 praedi·
1512 3126 1515 3131 ¹

159 3189 300 3254 centem
319 3200 480 3272 opponunt
493 3195 559 3255 lere
576 3199 682 3273 quiqui
698 3196 788 3256 hodie
804 3214 868 3257 rem
884 3200 1071 3273 tractavere,
1096 3200 1188 3272 atque
1204 3195 1285 3253 inter
1300 3208 1355 3252 eos
1370 3207 1434 3259 non

157 3281 244 3357 pauci
267 3282 319 3358 qui
341 3280 468 3358 reliquis
492 3281 639 3344 ecclesiae
662 3287 788 3345 nostrae
812 3280 963 3360 dogmatis
986 3281 1165 3344 fidelissime
1189 3273 1415 3360 obsequantur}

162 3406 358 3419 ”nn-u..—

224 3467 248 3518 l.
269 3465 348 3518 Hahn
367 3468 511 3520 Bibliothch
529 3471 574 3520 der
592 3471 716 3536 spmsote.
748 3472 858 3523 Breslau
876 3471 948 3524 1842
966 3471 1204 3537 plostrum.

223 3535 249 3586 ².
272 3533 328 3596 Qua
346 3537 472 3604 singulari
489 3546 575 3590 'causa
600 3541 694 3590 iactum
719 3541 763 3599 sit,
788 3545 816 3591 ut
838 3540 957 3608 symbolo
983 3540 1129 3607 apostolico
1146 3536 1260 3604 denique
1277 3534 1439 3586 adderentur

155 3603 236 3656 verbu
257 3603 316 3664 illa,
340 3621 392 3676 non
416 3606 506 3673 liquet.
544 3607 618 3658 Certe
642 3623 718 3674 quarn
744 3609 863 3676 plerique
888 3614 947 3659 ante
971 3611 1054 3660 secuti
1080 3613 1140 3660 sunt
1164 3607 1320 3659 sententiam
1338 3603 1434 3670 llingii,

156 3673 310 3740 interposita
330 3687 389 3726 esse
408 3680 436 3727 ut
454 3676 519 3726 falsa
538 3677 782 3742 Apollinaristarum
802 3677 833 3729 de
852 3678 944 3729 Christi
964 3685 1054 3730 natura
1072 3679 1161 3745 opinio
1181 3675 1377 3743 reprobaretur,
1401 3670 1435 3722 ud

157 3755 213 3793 eam
233 3744 374 3808 quominus
392 3743 543 3805 redeamus,
562 3745 659 3812 Holger
674 3747 772 3814 Woage
791 3748 816 3798 in
837 3750 1056 3800 commentatione
1075 3763 1121 3799 sna
1136 3745 1287 3809 doctissima
1306 3741 1338 3792 de
1356 3742 1435 3805 hnjns

157 3810 259 3862 articuli
277 3817 361 3864 aetate
379 3814 448 3864 viam
466 3813 627 3880 praecidisse
639 3815 751 3867 videtur.
780 3817 812 3867 Et
830 3816 909 3867 altera
928 3832 1012 3883 nuper
1031 3823 1100 3868 recte
1119 3831 1132 3867 a
1148 3813 1268 3866 Guedero
1289 3813 1341 3874 (die
1352 3811 1437 3862 lehre

154 3896 204 3931 oon
222 3881 268 3931 der
279 3880 459 3950 Erseheinunp
473 3883 539 3935 Jcsu
552 3883 650 3936 Christi
666 3895 742 3936 cutm
758 3887 807 3938 den
822 3886 925 3937 Todten.
950 3887 1102 3938 nern1853
1121 3901 1147 3952 p.
1161 3885 1210 3936 178
1224 3882 1274 3947 sq.)
1295 3879 1434 3945 reprobatu

156 3953 198 4001 est
215 3951 380 4015 conjectura,
400 3949 545 4002 doctrinam
563 3953 634 4003 illam
654 3953 685 4004 de
704 3957 857 4020 purgatorio
876 3955 1101 4008 inerubescentem
1121 3967 1226 4004 causam
1245 3949 1377 4001 exstitisse
1396 3949 1435 3999 in-

152 4017 261 4070 serendi
279 4019 357 4084 th'ns
376 4021 487 4072 articuli.
524 4021 653 4084 Primum,
671 4030 796 4089 quantum
821 4022 925 4090 quidem
949 4039 996 4091 per
1020 4023 1176 4075 documenta
1200 4034 1267 4086 quae
1290 4018 1369 4070 hodie
1392 4031 1435 4069 su·

155 4093 265 4155 pereunt
282 4087 373 4140 videre
396 4089 476 4150 licet,
491 4090 523 4141 ab
543 4091 696 4152 haereticis,
715 4093 818 4144 Arianis
837 4093 952 4155 scilicet,
971 4095 1038 4144 inter
1056 4090 1117 4142 fidei
1136 4089 1261 4141 articulos
1272 4091 1433 4140 recensetur.

157 4153 268 4208 Omnino
285 4162 371 4210 autent
391 4158 556 4210 statuendum
576 4160 690 4220 videtur,
710 4160 741 4212 de
753 4161 847 4213 Christi
868 4169 956 4213 natura
977 4168 1003 4214 et
1021 4174 1099 4226 opere
1118 4160 1166 4217 ita,
1186 4159 1223 4210 uti
1239 4158 1336 4210 factum
1348 4160 1388 4208 est
1400 4169 1434 4207 eo

155 4229 288 4292 tempore,
308 4224 429 4295 dignosci
450 4244 500 4279 non
521 4231 654 4295 potuisse,
673 4231 722 4281 nisi
742 4232 820 4282 simul
839 4246 868 4283 ea
889 4245 955 4297 quae
974 4229 1005 4282 de
1025 4229 1120 4281 Christi
1138 4227 1171 4280 cd
1189 4229 1289 4280 inferos
1306 4226 1435 4278 descensu

155 4292 320 4348 traderentur
339 4310 352 4348 a
372 4297 491 4365 patribus
509 4299 563 4350 fere
583 4299 704 4350 omnibus
723 4301 806 4366 magis
824 4301 960 4367 magisque
979 4301 1005 4350 io
1024 4298 1137 4364 publicis
1157 4312 1263 4366 quoque
1282 4308 1434 4348 monumen·

156 4363 299 4417 tis-locum
324 4366 480 4421 invenirent.
519 4366 571 4418 llac
596 4369 621 4417 in
645 4369 747 4419 ratione
770 4367 991 4436 acquiescendum
1015 4372 1068 4428 est,
1093 4367 1177 4420 donec
1203 4382 1271 4419 nova
1296 4367 1322 4417 io
1346 4364 1433 4415 lucem

157 4430 301 4498 prodierint
320 4435 398 4501 hujus
416 4436 454 4487 rei
473 4434 638 4488 documenta.
675 4437 744 4487 Nihil
763 4437 825 4489 licet
840 4453 888 4504 pro
908 4443 980 4490 certo
1000 4435 1122 4489 affirmari
1145 4437 1195 4489 nisi
1214 4436 1284 4490 sedis
1302 4434 1456 4487 Romanae

156 4503 310 4557 auctoritate
328 4505 411 4571 magis
431 4507 566 4572 magisque
580 4506 760 4573 praepollente
778 4505 875 4558 sactum
895 4521 967 4570 esse,
986 4513 1015 4559 nt
1031 4504 1145 4574 denique
1163 4509 1190 4559 in
1210 4504 1330 4559 omnibus
1349 4503 1436 4555 eccle-

42 4588 54 4605 s
157 4570 213 4622 sine
231 4573 374 4638 provinciis
392 4570 483 4626 hudem
502 4575 615 4642 symboli
634 4575 716 4626 forma
735 4575 904 4642 reciperetur.

226 4642 249 4694 ³.
269 4640 355 4712 ,:'l*ota
378 4648 521 4710 personu‘t
557 4644 686 4697 Lutherus
709 4645 736 4696 in
760 4645 889 4698 concione
914 4645 1060 4716 Torgarioe
1083 4646 1183 4700 habita:
1207 4648 1278 4709 „mit
1297 4643 1358 4696 teet
1381 4645 1437 4698 oud

154 4710 229 4764 Scede
245 4714 417 4781 unqethcs‘lt.“
438 4711 503 4782 0pp.
524 4713 565 4765 ed,
584 4714 684 4767 Walcb,
703 4713 725 4767 X
744 4716 856 4782 p.1359.
1434 4724 1437 4730 '

1180 4826 1184 4839 ¹
1214 4819 1227 4868 1
