3210 5228
449 295 572 363 fluxuum
589 313 655 353 nam
672 312 723 352 cru
738 297 818 353 Psrm
833 313 960 352 uuormm
975 312 1136 354 concanora.
1392 293 1431 356 61
1451 307 1456 316 ‘

163 465 209 531 los
240 484 318 541 quos
348 463 437 525 modo
464 467 722 526 commemoravit.
768 465 921 542 Utrosque
951 467 1050 526 carnis
1079 465 1251 542 uoluptates
1279 466 1434 524 sectantes

160 549 299 612 ordinem
322 551 466 612 divinitus
490 552 662 639 institutum
692 552 856 628 reliquisse
885 556 1033 629 septaque
1062 556 1188 611 naturae
1219 551 1314 626 magis
1343 551 1434 610 etiam

161 655 251 715 quam
274 637 401 715 pudoris
423 639 573 714 irrupisse
597 639 748 714 significat
771 637 929 713 apostolus
952 638 1009 697 hac
1032 640 1171 698 instituta
1196 637 1432 713 comparatione.

245 724 326 784 Hanc
349 723 385 783 de
409 724 526 799 angelis
550 742 617 782 cum
643 723 821 784 mulieribus
844 724 1000 788 hominum
1021 724 1173 800 quondam
1194 723 1294 782 mixtis
1315 724 1434 781 eorum·

162 827 222 888 que
245 812 392 886 progenie
416 811 538 869 immani
562 810 671 869 lamam
695 815 786 886 atque
810 811 983 886 opinionem
1006 811 1063 870 hoc
1086 809 1192 869 codem
1211 813 1350 885 tempore
1373 806 1434 866 late

160 896 371 974 pervulgatam
395 896 492 955 luisse
514 914 606 972 quum
636 894 706 955 inde
731 895 942 967 concludatur,
972 896 1054 973 quod
1079 895 1176 954 Judas
1206 894 1353 970 epistolae
1383 910 1434 953 au-

159 988 228 1042 ctor
245 1001 309 1042 rem
327 982 435 1042 leviter
451 988 581 1056 tangens
600 983 790 1042 satisfecisse
809 981 867 1041 sibi
883 980 979 1042 videri
993 980 1108 1059 potuit,
1124 986 1187 1041 tum
1211 986 1297 1040 certo
1318 980 1432 1039 scimus

160 1086 198 1128 ex
214 1070 337 1145 scriptis
361 1068 441 1127 illius
467 1069 532 1126 aevi
557 1085 635 1144 quae
660 1066 804 1128 dicuntur
826 1068 1002 1144 apocrypha
1025 1068 1073 1128 rel
1092 1066 1356 1145 pseudepigrapha
1377 1060 1435 1124 nec

158 1156 258 1214 minus
290 1154 469 1223 ePhilone‚
494 1152 632 1230 Josepho
666 1158 696 1213 et
723 1153 939 1214 ecclesiasticis
967 1154 1170 1230 scriptoribus
1200 1155 1313 1230 prioris
1337 1152 1434 1211 aevi¹

159 1241 294 1313 Quorum
324 1242 452 1300 maxime
484 1241 618 1299 omnium
647 1239 747 1300 liber
774 1239 838 1299 illc
862 1239 1029 1299 llcuochi
1059 1231 1292 1316 pseudonymus
1322 1238 1437 1296 eminet

159 1345 252 1403 quum
269 1331 424 1387 vetustate
446 1329 509 1385 tum
530 1343 566 1385 ca
590 1343 649 1401 qua
668 1344 736 1386 cum
753 1325 906 1385 ndnnullis
920 1324 966 1385 Ni.
981 1325 1025 1384 Ti.
1050 1325 1136 1385 libris
1160 1326 1339 1402 conjunctus
1355 1322 1436 1383 vide-

159 1417 209 1471 tur
233 1411 468 1472 necessitudine.
504 1410 610 1488 Neque
634 1413 714 1472 enim
733 1429 899 1490 possumus
918 1429 978 1470 non
995 1413 1139 1472 assentiri
1155 1413 1207 1482 iis,
1232 1414 1284 1487 qui
1300 1408 1436 1469 llenochi

159 1497 268 1559 librum
277 1499 495 1574 'propheticum
515 1515 621 1574 magna
640 1498 763 1575 quidem
784 1504 924 1574 exparte
947 1497 1071 1557 saeculo
1094 1502 1164 1557 ante
1187 1496 1340 1556 Christum
1361 1498 1436 1556 scri·

159 1590 243 1661 ptum
269 1601 339 1644 csse
363 1583 523 1643 censent.2
556 1585 599 1642 Ac
619 1582 655 1643 dc
673 1585 802 1663 singulis
818 1583 939 1660 quidem
957 1583 1027 1644 libri
1044 1584 1184 1661 partibus
1202 1599 1327 1660 quoquo
1345 1581 1434 1643 modu

158 1666 196 1730 lis
232 1670 405 1741 dirimetur,
436 1674 518 1728 certe
549 1668 701 1745 reliquum
731 1672 791 1729 erit
820 1688 857 1729 ex
888 1688 948 1747 quo
978 1669 1058 1730 clare
1088 1687 1122 1730 ac
1156 1674 1241 1728 certo
1272 1683 1437 1744 cognosca-

159 1762 223 1827 tur,
248 1760 395 1833 quantum
421 1758 480 1814 ista
503 1760 603 1814 aetate
627 1755 737 1816 Judaei
761 1756 802 1816 illi
826 1755 864 1814 de
884 1757 1066 1833 angelorum
1089 1754 1254 1815 concubitu
1278 1754 1436 1815 doctrinae

82 1888 84 1894 .
159 1842 331 1902 tribuerint.

243 1927 342 1988 Judae
366 1933 468 1986 autem
492 1926 652 2004 epistolam
681 1932 765 1987 arcto
797 1945 877 1987 nexu
901 1926 1068 1988 cohaerere
1099 1944 1167 1991 cum
1190 1926 1327 1987 llenochi
1358 1926 1436 1986 libro

159 2016 209 2074 vix
232 2016 394 2091 quisquam
418 2003 592 2088 negaverit,
622 2016 817 2090 quantumvis
844 2031 992 2089 perversa
1022 2012 1226 2074 sollicitudine
1255 2012 1292 2073 de
1324 2014 1436 2089 cpisto-

161 2099 208 2160 lac
232 2102 413 2160 auctoritate
430 2102 518 2174 quasi
540 2101 584 2159 sic
608 2099 788 2160 labefactata
813 2104 992 2159 commotus.
1030 2099 1107 2160 Nam
1122 2103 1338 2175 praeterquam
1354 2096 1436 2175 quod

158 2185 254 2245 Judas
269 2186 346 2245 hanc
359 2185 528 2244 doctrinam
542 2186 663 2262 attingit
676 2185 754 2245 etad
768 2187 963 2247 notissimum
975 2184 1060 2246 illum
1074 2186 1142 2245 libri
1156 2185 1256 2244 locum
1270 2189 1308 2260 (v.
1322 2187 1368 2246 14.
1385 2186 1434 2259 15)

157 2278 320 2348 provocat,
353 2273 383 2330 in
407 2270 535 2345 singulis
566 2289 689 2349 quoque
718 2289 827 2348 magna
855 2276 904 2331 est
931 2273 1092 2348 utriusque
1124 2273 1229 2348 scripti
1258 2268 1434 2330 similitudo.

159 2356 219 2418 Sed
243 2357 315 2434 quid
338 2357 396 2417 hoc
419 2356 455 2416 ad
472 2356 619 2417 Petrum?
648 2358 798 2419 Nimirum
821 2358 857 2417 ad
882 2356 1007 2418 eosdem
1031 2358 1136 2418 eadem
1160 2357 1224 2416 fere
1249 2355 1387 2416 scribunt
1402 2363 1434 2416 et

159 2443 255 2505 Judas
279 2446 309 2503 in
332 2444 418 2503 brevi
441 2461 496 2502 sua
521 2448 552 2503 et
574 2444 684 2504 Petrus
708 2447 738 2504 in
761 2445 855 2505 altera
879 2445 1018 2520 epistola.
1055 2445 1088 2504 ln
1111 2462 1169 2521 qua
1194 2461 1287 2520 quum
1310 2445 1434 2519 aposto-

160 2530 207 2588 lus
231 2530 359 2606 angelos
382 2535 509 2605 propter
533 2531 646 2589 crimen
677 2530 827 2607 quoddam
853 2531 981 2591 vinculis
1005 2530 1172 2592 obstrictos
1196 2532 1226 2590 in
1250 2533 1366 2588 tartaro
1389 2532 1434 2587 te-

159 2617 226 2684 neri
250 2615 372 2691 doceat,
396 2614 505 2674 iisdem
528 2616 592 2674 fere
616 2615 719 2676 verbis
743 2635 822 2693 quae
845 2614 924 2692 apud
946 2616 1057 2676 Judam
1081 2616 1263 2692 leguntur³,
1289 2615 1358 2691 quis
1382 2613 1435 2673 du-

159 2701 303 2761 bitaverit
326 2704 399 2777 quin
414 2700 463 2759 illa
479 2700 577 2759 dudae
595 2701 696 2774 verba,
720 2701 757 2761 de
776 2702 888 2779 quibus
904 2719 997 2778 supra
1017 2703 1145 2778 egimus,
1170 2703 1259 2779 quasi
1282 2717 1435 2760 commcn-

159 2793 264 2847 tcutur
287 2792 318 2847 ct
341 2792 495 2864 exponant
524 2786 596 2862 quid
623 2789 760 2847 criminis
784 2788 882 2864 angeli
905 2790 1125 2848 commiserint.
1165 2789 1234 2848 Jam
1248 2804 1331 2847 uero
1355 2785 1436 2863 apud

159 2874 284 2934 Petrum
307 2876 389 2934 iuter
412 2873 590 2950 angelorum
613 2878 644 2932 et
662 2873 886 2934 Sodomitarum
905 2874 1041 2951 exempla
1060 2890 1139 2950 quos
1157 2891 1174 2932 a
1189 2873 1270 2933 Juda
1288 2871 1435 2933 docemur

159 2960 289 3020 eundem
318 2960 354 3020 ad
388 2958 511 3020 modum
541 2975 687 3035 peccasse
717 2961 931 3037 interpositam
959 2959 1096 3020 videmus
1119 2963 1306 3019 mentionem
1328 2975 1434 3018 eorum

162 3049 216 3123 qui
238 3049 269 3105 in
293 3046 398 3107 diluvii
420 3045 510 3106 undis
524 3047 683 3122 perierint
705 3051 739 3106 ut
760 3049 889 3106 maxime
913 3048 1004 3107 vicini
1027 3044 1143 3122 angelis
1166 3045 1226 3105 illis
1243 3051 1335 3120 atquc
1354 3043 1437 3119 quod

160 3150 196 3191 ex
216 3132 343 3210 epistola
358 3134 463 3211 priore
483 3131 628 3192 discimus
648 3131 755 3193 eodem
775 3131 863 3193 modo
883 3149 949 3209 quo,
962 3132 1004 3192 illi
1023 3148 1148 3192 carcere
1167 3131 1299 3208 quodam
1314 3129 1436 3189 inferno

159 3316 245 3370 eidem
257 3318 387 3384 supplicio
405 3319 516 3371 obnoxia
535 3319 627 3371 eodem
640 3317 717 3369 modo
733 3323 810 3385 atque
825 3317 939 3370 Sodoma
952 3323 979 3369 et
991 3317 1134 3370 Gomorrha
1148 3311 1311 3387 πρόκεινται
1323 3307 1433 3386 δεῖγμα.

159 3387 239 3439 lmmo
259 3387 321 3455 quid
339 3388 426 3455 angeli
446 3386 572 3440 derelicto
592 3389 701 3440 coelesti
719 3387 810 3438 ordine
829 3387 888 3440 dein
908 3389 1100 3450 commiserint,
1120 3393 1146 3439 ct
1164 3392 1192 3438 ut
1211 3385 1374 3452 significetur
1393 3400 1433 3436 ac·

159 3459 274 3508 curatius
291 3456 456 3508 desideratur
474 3463 501 3508 et
517 3457 660 3524 significari
678 3456 807 3509 indicatur
824 3456 951 3525 particula
977 3451 1012 3513 ὡς
1034 3458 1195 3524 interposita.
1232 3455 1304 3518 Quae
1329 3468 1434 3521 compa-

158 3527 224 3576 ratio
244 3541 295 3591 quo
310 3528 373 3590 jure
391 3528 500 3577 maxime
519 3528 668 3578 instituatur
688 3527 856 3592 cognoscitur
875 3542 906 3577 ex
926 3525 1014 3580 lblos.
1027 3525 1097 3586 xlx,
1112 3529 1137 3577 8.

228 3599 249 3647 l.
269 3594 352 3646 Locos
380 3595 523 3646 cumulavit
546 3595 600 3647 Jac.
626 3594 691 3646 Ode
717 3595 888 3647 Commentar.
910 3594 943 3646 de
969 3596 1084 3661 Angelis.
1114 3594 1184 3658 Traj.
1207 3593 1239 3645 ad
1262 3593 1344 3644 Rhen.
1368 3593 1433 3644 1739

158 3680 184 3730 p.
200 3666 249 3716 323
266 3679 314 3729 sqq
344 3664 393 3715 Glr.
413 3666 522 3715 maxime
547 3664 726 3731 losephum
751 3666 849 3732 antiqu.
874 3665 897 3727 l,
916 3667 946 3726 3,
968 3667 996 3725 l,
1020 3663 1197 3715 Philonem
1222 3662 1254 3714 de
1278 3660 1432 3727 Gigantibus

157 3749 183 3800 p.
194 3735 244 3785 263
254 3747 313 3799 sqq·
329 3732 371 3784 ed.
387 3733 507 3800 Mangey.
525 3733 540 3784 J
547 3739 606 3785 usi.
626 3733 716 3785 Mart.
736 3734 847 3800 Apolog.
867 3733 891 3793 l,
908 3735 939 3786 55
957 3732 986 3786 Il.
1006 3731 1041 3794 ll,
1057 3736 1090 3786 44
1108 3732 1138 3784 Β.
1157 3731 1199 3783 ed.
1217 3731 1276 3783 Otto
1294 3730 1318 3790 l,
1336 3746 1362 3795 p.
1377 3731 1432 3780 146.

158 3803 217 3854 294.
237 3801 298 3863 (Gir.
309 3799 457 3853 Semisch
472 3801 567 3853 lustin.
579 3802 599 3852 ll
615 3818 642 3868 p.
652 3804 701 3854 377
713 3805 763 3868 sq.)
785 3803 865 3853 lren.
881 3800 938 3853 adv.
950 3801 1020 3852 haer.
1034 3801 1074 3863 lV,
1088 3803 1129 3862 36,
1144 3799 1212 3853 ded.
1226 3798 1327 3851 Stieren
1338 3815 1364 3864 p.
1375 3799 1432 3865 686.

159 3869 254 3920 Clcm.
269 3869 313 3919 Al.
331 3868 519 3922 Strom.V·c.l
539 3873 605 3934 §lu
624 3870 762 3922 'l'ertulh
781 3869 813 3921 de
833 3870 891 3925 hab.
910 3870 971 3924 mul.
992 3885 1014 3921 c.
1027 3870 1056 3922 ll.
1075 3869 1106 3920 de
1126 3870 1197 3921 cultu
1215 3870 1293 3920 icem.
1312 3882 1334 3918 c.
1352 3865 1380 3917 X.
1400 3863 1432 3917 de

159 3939 225 4004 virg.
236 3939 287 3991 vel.
300 3953 321 3989 c.
336 3936 389 3988 Vll.
407 3938 465 3989 adv.
481 3939 559 3992 Marc.
570 3938 599 4000 V,
612 3942 642 3992 ts
654 3953 675 3990 s.
688 3937 732 3989 lin.
744 3938 829 3992 Lact.
843 3939 896 3992 div.
908 3941 968 3992 inst.
979 3939 1001 3990 ll
1013 3954 1034 3990 c.
1048 3941 1088 3992 14.
1106 3939 1145 3989 ΑΙ.

227 4010 252 4060 2.
272 4007 308 4059 lta
324 4006 475 4068 Hoffmann,
494 4007 611 4070 buculae,
630 4007 751 4074 llrieger'‚
771 4007 874 4070 Euald‚
893 4008 1037 4069 Dillmann,
1055 4007 1197 4059 novissime
1215 4005 1332 4080 lloestlin
1355 4002 1435 4068 (Baur

160 4082 187 4128 et
204 4076 289 4127 Zeller
310 4077 395 4128 Theol.
412 4076 519 4131 aaaron
538 4077 591 4136 XV,
609 4080 624 4128 2
646 4082 672 4128 ct
690 4082 724 4139 3).
760 4076 803 4128 Lis
822 4079 877 4142 jam
901 4079 926 4128 in
946 4092 978 4128 co
997 4082 1038 4128 cst
1055 4081 1084 4128 ut
1101 4076 1132 4127 ab
1151 4075 1209 4126 aliis
1227 4091 1287 4142 pars
1304 4074 1435 4142 posterior
1500 4090 1503 4099 ·

160 4146 281 4210 (maxime
300 4161 374 4212 capp.
387 4147 497 4198 37-73
516 4151 543 4197 et
560 4149 680 4208 84-89)
700 4151 805 4212 putetur
823 4152 907 4209 aetate
926 4146 1034 4197 interior
1053 4159 1112 4196 esse
1130 4153 1179 4204 tao.
1192 4145 1322 4198 lou—tl
1340 4157 1363 4196 a.
1375 4141 1433 4196 Chr.

157 4212 261 4274 llwald,
280 4213 432 4345 llollmanp,
451 4211 573 4280 llriegcr,
599 4213 716 4275 Lueclre,
736 4213 883 4279 Koestlin),
908 4215 940 4266 ab
965 4213 1023 4266 aliis
1047 4211 1212 4277 (Dillmaun)
1238 4213 1325 4280 priora
1350 4211 1433 4278 capita

159 4284 284 4344 (maxime
303 4286 395 4336 6--16
415 4322 420 4332 .

229 4354 253 4405 3.
273 4351 379 4403 Petrus:
399 4354 506 4422 σειραῖς
522 4346 609 4420 ζόφου
627 4347 808 4422 ταρταρώσας
826 4369 865 4404 πα
886 4349 989 4402 ἔδωκεν
1007 4347 1047 4408 εἷς
1064 4350 1159 4421 κρίσιν
1172 4346 1361 4422 approperare.
1389 4346 1433 4399 Ju-

160 4420 219 4473 das:
244 4417 285 4476 εἰς
306 4421 400 4491 κρίσιν
422 4415 510 4492 μεγὰλ
529 4437 543 4476 ς
564 4415 669 4491 ἡμέρας
691 4418 805 4492 δεσμαῖς
827 4367 928 4476 ἆϊδςίαις
945 4414 1004 4470 ’ὑπὸ
1027 4412 1115 4489 ζὸφαν
1134 4415 1291 4489 τετήρηκεν.
1329 4416 1378 4469 cn.
1398 4414 1431 4467 ad

158 4488 241 4543 Judae
264 4489 351 4540 locum
377 4490 493 4541 Heuochi
540 4488 610 4551 ll,4
634 4493 680 4547 (cx
704 4489 919 4556 interpretatione
943 4488 1115 4554 llillmannilt
1143 4489 1217 4550 „Die
1243 4487 1365 4540 Wdclrter
1387 4485 1431 4537 der

161 4559 296 4618 flammola,
315 4560 408 4611 welche
427 4561 475 4611 den
493 4560 575 4612 hohen
594 4558 705 4610 Himmcl
721 4559 776 4610 und
792 4560 844 4610 die
863 4559 989 4626 belliue
1007 4561 1104 4626 canipe
1120 4559 1235 4610 stum
1254 4556 1432 4607 verlasaea

159 4627 296 4746 liabe3fl
331 4625 388 4688 xV,
403 4630 431 4680 2:
456 4657 513 4690 „—
533 4645 631 4680 rourum
648 4627 710 4678 dubl
732 4627 775 4678 ilar
791 4628 840 4680 dea
864 4628 960 4690 autea,
983 4628 1110 4699 heiligen,
1130 4629 1225 4695 καίρια
1243 4623 1355 4675 Himmel
1374 4640 1431 4675 oen

160 4698 247 4748 tarsen
276 4697 292 4721 ‘⁴
