3210 5228
621 333 632 387 ι
649 333 729 388 ιιι..
747 330 797 399 ιιι,
819 331 868 388 aa.
890 284 937 391 ιι.
1377 334 1414 395 ιι

142 515 204 576 que
228 498 271 559 ita
294 497 380 558 citari
401 500 436 557 nt
457 499 536 557 ratio
561 497 710 558 babeatur
738 501 770 556 et
797 495 857 557 loei
883 513 977 573 qoem
1003 499 1162 563 obtineant
1190 502 1220 560 in
1249 517 1353 561 rerum
1374 502 1419 562 la·

16 604 21 611 ·
142 583 322 646 mamam
340 594 507 660 proeessm
530 588 564 644 et
586 584 808 644 sententiarum
831 599 910 659 quae
923 582 1234 657 cohaereantnexus‚
1258 587 1338 647 inter
1356 604 1419 648 em·

146 686 206 732 nes
227 673 332 730 notum
354 669 435 731 οιιι.ι

178 790 184 797 -
228 756 273 829 lta
293 755 353 816 bec
374 755 442 816 loeo
470 753 527 814 laac
553 755 796 831 interrogatione
819 755 917 815 utitur
938 755 1099 832 apestolus
1121 762 1156 816 at
1181 756 1349 818 lectoribus
1378 759 1419 819 si-

146 842 259 904 mabin
280 843 458 903 memoriam
481 846 661 914 revocaret,
691 859 708 901 e
735 857 865 917 quorum
890 847 992 902 mente
1015 847 1047 902 et
1069 842 1256 915 conditione,
1280 845 1419 921 ipserum

146 929 262 991 scillcet
283 927 452 1000 simillima,
475 926 626 1006 propbeta
653 928 696 988 ita
715 926 838 986 locutus
861 933 953 987 esset
999 927 1084 1002 Quae
1106 945 1190 989 vere·
1205 928 1326 1005 aliunde
1347 928 1421 991 bau·

146 1016 199 1088 sit,
220 1015 362 1092 propriis
391 1014 551 1092 aptissime
574 1014 715 1090 injungit.
760 1012 868 1088 Neque
896 1015 982 1090 euim=
1007 1013 1125 1088 babuit,
1154 1032 1215 1092 quo
1238 1015 1365 1076 meliore
1388 1019 1420 1077 et

145 1102 288 1180 pariere
306 1099 403 1163 verbo
423 1098 608 1170 declararet,
628 1116 681 1160 res
698 1098 846 1159 humanas
869 1100 993 1159 omnino
1012 1101 1099 1176 justo
1123 1106 1154 1162 et
1168 1117 1267 1178 aequo
1282 1099 1420 1162 modera-

146 1192 216 1249 tore
236 1202 345 1247 carere
368 1185 483 1258 videri,
508 1187 550 1258 si,
574 1187 628 1262 qni
644 1185 723 1246 bene
742 1191 872 1260 agerent
886 1202 1006 1246 summo
1029 1202 1098 1246 eum
1121 1186 1224 1247 studio
1245 1184 1420 1264 (ζηλαιιοίιι

145 1289 201 1335 eos
224 1272 305 1334 male
328 1276 464 1332 tractare
487 1271 614 1332 cuilibet
635 1271 755 1346 liceret;
787 1273 901 1330 κακοῦν
924 1271 1041 1333 notioni
1069 1269 1195 1350 ἀγαθοῦ
1222 1290 1330 1348 magna
1352 1289 1421 1335 eum
1503 1343 1506 1354 ,

145 1361 177 1420 ri
204 1359 383 1436 opponitur.
425 1358 500 1417 ilinc
523 1362 745 1436 praegnantem
767 1355 826 1417 boe
854 1356 921 1417 loco
944 1359 1132 1418 nanciscitur
1160 1359 1423 1436 significationem.
1481 1423 1485 1432 ,

146 1445 233 1507 Setis
245 1449 333 1505 recte
349 1443 387 1503 ab
400 1443 539 1504 liuthero
554 1444 683 1520 aliisque
699 1448 856 1514 monetur,
880 1445 1023 1520 usurpari
1040 1443 1099 1504 boe
1113 1445 1240 1505 uerbum
1256 1446 1287 1507 in
1299 1444 1355 1506 No.
1366 1445 1421 1506 Το.

141 1533 234 1609 juxta
256 1534 349 1608 atque
371 1528 452 1608 apud
474 1530 622 1607 profanos
646 1532 816 1606 scriptores
845 1529 1065 1591 devexatione
1089 1532 1239 1605 graviori3
1267 1532 1321 1592 sed
1345 1548 1423 1608 quae

145 1607 241 1679 uersa
263 1619 407 1695 proximo
427 1615 571 1693 patienda
589 1621 691 1677 mmen
706 1614 890 1675 Christianis
907 1615 1139 1691 praedicuntur,
1163 1634 1224 1677 non
1246 1616 1343 1693 gradu
1359 1623 1423 1678 taur

143 1707 213 1764 tum
234 1703 384 1765 differunt
405 1701 514 1762 abillo
538 1701 632 1774 malo,
656 1719 673 1760 a
695 1702 784 1777 cujrm
803 1703 914 1763 timore
932 1702 1101 1762 liberantur
1114 1719 1207 1764 versu
1226 1702 1345 1764 decimo
1362 1707 1423 1765 ter-
1542 1704 1543 1709 ’

144 1791 199 1854 tio.
236 1789 329 1849 ltlali
354 1789 485 1861 scilicet,
504 1786 709 1864 quodcunque
733 1804 767 1846 re
785 1803 857 1847 vera
880 1789 936 1860 sit,
959 1787 1034 1848 nibil
1048 1788 1232 1849 Christianis
1247 1787 1360 1851 bonum
1376 1805 1425 1850 ae·

18 1889 22 1895 ·
146 1875 299 1937 mdbns
320 1875 429 1935 inferri
451 1891 508 1952 per
522 1874 621 1935 Deum
642 1874 753 1944 licere,
777 1871 904 1932 damni
921 1873 1011 1946 nibil,
1034 1873 1109 1935 nibil
1124 1873 1271 1951 denique,
1291 1891 1354 1952 ouo
1371 1875 1423 1937 illa
1464 1908 1466 1915 ι

145 1962 235 2040 cajus
250 1963 419 2039 participes
433 1962 501 2021 lore
515 1964 586 2019 ante
601 1959 680 2021 dixit
697 1957 985 2020 benedictionis
1008 1961 1215 2036 promissio
1234 1957 1422 2040 (εὐλογία)

145 2049 234 2108 irrita
253 2046 414 2117 reddatur,
439 2047 531 2108 docet
547 2046 717 2123 apostolus.
753 2044 818 2118 Qua
833 2050 917 2104 tanta
934 2044 1045 2106 fiducia
1063 2045 1138 2108 nulli
1153 2046 1225 2107 licet
1240 2048 1345 2108 efferri
1361 2047 1422 2119 uisi
1443 2090 1447 2097 ,

147 2134 200 2212 qui
215 2132 252 2194 ad
263 2133 360 2195 Mum
370 2132 517 2210 judicem,
536 2131 778 2202 moderatorem,
797 2148 902 2191 rerum
915 2131 1160 2194 Christianarum
1175 2131 1364 2209 praesidium
1378 2133 1423 2210 ip

147 2234 216 2282 sura
236 2224 321 2281 certa
337 2219 398 2280 lide
414 2220 576 2295 respiciat;
600 2235 671 2279 nam
687 2218 873 2278 adversariis
889 2223 924 2278 ot
939 2218 1016 2279 mala
1035 2218 1161 2279 consilia
1178 2217 1332 2296 abJudicet
1349 2235 1422 2296 apo·

148 2305 250 2368 stolus
271 2310 391 2369 tantum
413 2305 517 2376 abest,
540 2311 575 2364 ut
596 2305 777 2365 vexationes
792 2305 844 2364 vix
859 2302 1020 2365 evitandas
1037 2303 1220 2366 Christianis
1234 2304 1272 2363 ab
1288 2306 1357 2367 istis
1370 2321 1424 2382 pa·

149 2396 249 2455 ratum
270 2393 310 2453 iri
331 2393 399 2468 ipse
421 2390 592 2468 praedicat:

234 2478 268 2538 V.
283 2481 332 2542 ll.
361 2473 457 2537 Ἀλλ’
481 2475 513 2536 εἰ
533 2475 592 2535 καὶ
615 2472 856 2554 πάσχοιτε-
874 2494 933 2550 -;
955 2475 987 2536 el
1008 2474 1086 2551 sol,
1109 2494 1179 2537 nam
1196 2477 1267 2539 mali
1288 2478 1424 2555 specie·

149 2568 235 2626 certe
257 2569 290 2625 et
311 2579 437 2625 sensum
460 2561 612 2640 quendam
634 2562 749 2622 babent
768 2563 964 2634 vexationes,
994 2579 1072 2640 qnae
1101 2564 1269 2626 imminent.
1314 2563 1423 2641 Neque
1510 2599 1516 2607 ·

148 2666 225 2712 rere
245 2655 413 2728 propterea
431 2647 565 2710 concidit
586 2647 712 2720 fiducia,
736 2649 828 2707 immo
851 2647 987 2710 beatos
1009 2648 1143 2726 'appellat
1164 2649 1338 2727 apostolus,
1357 2651 1422 2728 qui*

150 2736 210 2799 tua
227 2736 345 2799 accidat
366 2742 401 2796 ut
421 2741 553 2813 propter
573 2733 666 2795 tidem
688 2735 830 2811 vitaeque
854 2737 1047 2795 sanctitatem
1069 2733 1147 2796 male
1169 2740 1347 2798 tractentur.

188 2848 192 2867 ι
237 2823 314 2883 ilinc
335 2823 436 2883 oritur
458 2822 601 2899 quaestio
616 2821 746 2898 ¹qualem
766 2819 848 2881 dicat
866 2819 1100 2892 beatitudiuem,
1123 2838 1232 2883 eamne
1254 2839 1333 2899 quae
1354 2838 1424 2893 sene

151 2911 246 2976 tiatur
272 2910 305 2970 in
334 2908 522 2969 conscientia
548 2909 641 2979 recti,
672 2924 711 2966 an
738 2922 817 2982 quae
845 2907 878 2966 in
901 2905 999 2967 salute
1029 2906 1273 2969 Christianorum
1300 2912 1425 2980 aeterna

151 2996 334 3073 conspicua,
365 2995 503 3071 reposita
526 2992 649 3070 quidem
678 2994 710 3052 in
736 2987 840 3059 coelo:
867 2990 921 3053 sed
952 3008 1101 3070 praesens
1124 2994 1265 3055 omnibus
1293 3010 1425 3070 quorum

152 3096 228 3161 spen
252 3098 290 3152 ae
309 3080 388 3143 ades
410 3081 467 3140 Dei
488 3080 643 3157 praesidio
668 3078 842 3155 Christique
865 3077 996 3139 redituri
1017 3079 1144 3139 victoria
1166 3081 1316 3142 ιιὶοιιιιιι.2
1359 3080 1424 3154 Qua

152 3170 185 3229 in
202 3183 242 3229 re
258 3161 372 3245 'magna
395 3183 464 3227 eum
485 3166 606 3225 incuria
629 3167 817 3241 interpretes
840 3165 980 3241 plerique
995 3165 1113 3227 versati
1135 3171 1217 3227 suut.
1252 3166 1360 3243 Neque
1378 3171 1424 3227 ta-

153 3270 225 3316 men
249 3269 432 3331 quemquam
453 3252 549 3312 latere
572 3250 690 3323 debuit,
714 3255 863 3328 quantum
880 3252 956 3311 lueis
978 3250 1037 3313 boe
1059 3267 1153 3312 versu
1175 3259 1260 3313 recte
1283 3256 1316 3314 et
1336 3269 1425 3315 occu·

152 3344 221 3403 rate
243 3340 393 3418 explicato
421 3338 633 3398 abunderetur
660 3337 861 3414 disputationi
884 3335 922 3399 de
951 3353 1043 3399 versu
1067 3335 1326 3416 duodevigesimo.
1366 3339 1426 3401 Re·

154 3427 290 3488 ctissime
307 3426 387 3486 enim
402 3423 478 3485 vidit
495 3423 540 3482 lie
559 3425 662 3485 Wette
684 3440 808 3484 versum
830 3428 970 3483 nostrum
989 3423 1067 3483 lnlra
1084 3423 1149 3501 (17)
1168 3423 1271 3486 verbis
1289 3431 1426 3509 αοεῖττοαΙ

152 3509 214 3594 γὰρ
235 3508 508 3592 ἀγαθοποιοῦντας
530 3544 569 3555 -
594 3505 722 3587 ιιάσχαο
749 3508 850 3571 denuo
876 3511 972 3587 recipi
995 3513 1027 3570 et
1049 3510 1232 3571 confirmari.
1276 3511 1330 3573 llis
1352 3529 1427 3573 vero

152 3614 191 3660 ea
213 3596 627 3676 quaescquunturtv.18)
655 3596 803 3672 particula
828 3595 942 3657 causali
969 3597 1151 3673 interposita
1179 3602 1240 3659 tam
1267 3603 1351 3658 arcte
1373 3613 1425 3658 an-

153 3688 333 3756 nectantur,
358 3688 393 3743 ut
413 3684 473 3743 nisi
496 3700 539 3743 ext
556 3682 653 3743 altero
670 3699 764 3743 uersu
787 3681 865 3742 alter
887 3698 949 3742 non
965 3685 1068 3758 possit
1088 3682 1217 3759 intelligi
1233 3688 1264 3743 et
1282 3682 1424 3759 judicari.

152 3819 154 3823 .
195 3792 199 3815 =
237 3769 568 3845 Quodsiinterpretes
598 3768 763 3845 plerosque
793 3767 996 3843 explicatione
1024 3769 1111 3857 uerbi
1131 3762 1278 3846 μακάριοι
1301 3766 1425 3829 omniaa

153 3854 373 3934 supersedisse
395 3855 549 3928 videmus,
573 3855 603 3914 id
625 3853 697 3914 inde
719 3855 832 3914 laetum
855 3870 926 3915 esse
948 3852 1083 3924 uidetur,
1108 3851 1188 3929 qood
1211 3851 1339 3914 eandem
1359 3853 1426 3915 iere

153 3942 226 4004 baie
247 3943 354 4004 versui
376 3944 483 4003 inesse
507 3942 674 4003 statuerint
695 3940 892 4011 sententiam,
917 3955 1007 4016 quam
1023 3937 1273 4014 undevigesimus
1294 3944 1327 3999 et
1343 3939 1427 4021 ripe

152 4030 252 4092 almus
262 4029 372 4107 capitis
387 4027 516 4089 secundi
530 4027 699 4088 exhiberet.
722 4026 836 4087 Beatos
847 4030 977 4087 censent
988 4025 1180 4087 christianos
1192 4024 1337 4100 appellari
1349 4025 1427 4089 bane

152 4116 253 4194 ipsam
275 4114 316 4175 ob
338 4130 476 4186 causam,
500 4111 580 4190 quod
605 4110 657 4172 διὰ
680 4106 877 4191 δικαιοσύνην
899 4110 1031 4189 ideoque
1054 4112 1193 4171 insontes
1209 4113 1351 4191 rectique
1368 4111 1428 4175 sibl

105 4202 110 4209 ’
152 4203 272 4264 sonuli
296 4205 478 4278 paterentur
505 4204 597 4276 atque
620 4199 685 4260 lieo
709 4215 737 4260 o.
762 4216 800 4260 m.
827 4199 873 4259 sic
893 4194 1083 4274 placerentl
1123 4194 1241 4269 Quibus
1262 4199 1427 4275 quominus
1473 4234 1477 4240 -

153 4288 361 4357 assentiamur
377 4288 509 4365 primum
527 4283 632 4345 obstat
649 4285 831 4346 manifestus
849 4285 930 4346 inter
946 4282 1023 4345 baec
1041 4285 1073 4343 et
1089 4281 1203 4343 Christi
1221 4285 1321 4361 ipsius
1335 4281 1429 4346 verba

223 4463 245 4515 1.
269 4459 354 4519 Weiss
373 4457 467 4510 Peleia.
488 4455 623 4524 laertepr.
642 4457 729 4525 plat
748 4468 806 4522 sqq.
909 4522 912 4526 ⁴

210 4528 247 4580 ’2.
266 4527 428 4594 Wiesinger:
447 4525 524 4578 Beati
541 4525 584 4577 hic
602 4525 628 4575 in
647 4537 708 4591 spe,
726 4521 780 4574 illic
799 4523 826 4574 in
843 4537 879 4577 re.
1267 4574 1270 4581 ,

222 4599 247 4657 3.
267 4596 339 4648 boec
356 4595 561 4664 explicationem
580 4593 685 4662 exhibet
697 4591 834 4645 Calvinus:
851 4592 922 4664 „boc
940 4592 999 4674 ipso
1017 4591 1111 4647 beatos
1129 4605 1202 4655 ease,
1238 4590 1281 4666 nia
1295 4589 1430 4663 patiunlei·

174 4672 265 4735 repter
278 4665 434 4735 justitium‘?¹
452 4665 489 4729 ita
512 4670 600 4733 tameo
618 4667 647 4717 ut
663 4662 741 4717 simul
759 4665 867 4724 statuat,
885 4677 937 4731 quo
950 4676 1011 4728 pute
1028 4656 1122 4717 felices
1140 4677 1194 4733 app
1229 4666 1318 4726 entur,
1336 4668 1429 4735 pate?

153 4681 949 4805 {appetentem„upmpbeualiberatorf‘adierit
1021 4731 1024 4737 ⁴
1328 4743 1346 4786 ἵ
