3210 5228
687 334 901 404 canterus.
1384 320 1425 391 ut

160 501 287 571 tumel,
316 498 387 577 quid
414 499 504 558 vellet
527 500 728 576 evangelium,
752 502 991 577 spectavissent‚
1022 502 1053 558 in
1083 503 1183 560 morte
1211 497 1333 576 quidem
1355 516 1444 576 pas.

160 601 213 645 sos
236 602 307 646 esse
330 584 402 644 illud
430 583 466 644 de
496 602 587 644 carne
612 583 760 661 judicium
790 584 844 646 sed
872 585 985 645 nullum
1013 585 1104 645 alium
1132 586 1164 645 in
1192 585 1284 645 linem
1312 586 1372 645 uisi
1393 589 1427 646 ut

160 670 282 731 Christo
306 671 421 731 similes
448 670 485 728 ad
507 672 599 730 vitam
623 671 814 748 spiritualem
841 675 872 730 et
899 670 1030 730 diuinam
1052 670 1198 732 redirent.
1242 671 1325 730 lianc
1348 687 1425 731 vero

158 759 273 832 regiam
297 757 409 817 Christi
432 758 529 833 ipsius
552 759 631 818 viam
653 759 685 816 in
707 757 865 834 evangelio
888 774 968 817 nunc
991 761 1022 816 et
1048 761 1117 816 ante
1146 761 1345 817 monstratam
1373 756 1426 832 qul

159 849 306 920 spernant
328 843 466 918 adeoque
490 847 617 920 propter
634 860 701 903 eam
725 842 906 903 maledicant
921 843 1117 913 Christianis,
1142 860 1179 903 eo
1202 845 1270 919 ipso
1285 848 1426 918 tempore

159 926 251 1005 quum
275 929 415 990 Christus
437 928 546 988 redeat
568 930 655 989 vivus
678 947 695 988 e
718 930 849 989 mortuis
876 927 990 1004 judicio
1020 928 1168 989 obnoxios
1195 930 1316 989 tuturos
1345 943 1426 988 esse.

243 1016 340 1075 Versu
365 1016 470 1092 quinto
494 1021 601 1090 aperte
625 1032 686 1074 non
704 1014 733 1074 id
752 1016 869 1092 agitur,
895 1020 927 1073 ut
943 1015 1126 1075 universalis
1145 1014 1253 1091 judicii
1270 1032 1326 1092 per
1341 1013 1426 1074 Ghri·

159 1105 239 1161 stum
257 1101 387 1161 habendi
409 1100 540 1160 ambitus
560 1101 706 1167 doceatur
726 1103 857 1160 omnino.
878 1100 1087 1162 -ndversariis
1111 1102 1244 1175 minatur
1266 1100 1426 1177 apostolus

154 1186 299 1263 judicium
324 1190 374 1264 qui
405 1187 563 1262 evangelio
593 1186 683 1246 tidem
713 1185 878 1263 denegent,
904 1185 984 1262 quod
1008 1188 1072 1261 jam
1101 1187 1296 1263 praedicetur
1326 1186 1427 1262 cujus·

159 1291 218 1349 que
241 1275 360 1332 fructus
385 1274 413 1331 in
438 1272 620 1332 Christianis
643 1273 721 1332 bene
745 1274 901 1349 conspicui
926 1272 1022 1332 oculis
1052 1275 1188 1350 ipsorum
1213 1272 1426 1335 obversentur.

157 1358 308 1419 iudicium
333 1364 434 1418 autem
457 1357 515 1417 hoc
538 1376 554 1417 a
578 1358 698 1417 Christo
723 1357 960 1436 exspectandum
984 1375 1072 1427 esse,
1103 1376 1193 1435 quem
1217 1376 1234 1418 e
1264 1358 1426 1417 mortuis

159 1444 332 1504 reducem
354 1451 389 1504 et
412 1443 608 1503 sedentem
632 1443 674 1502 ad
691 1446 812 1521 patris
831 1445 1019 1505 dexteram
1038 1461 1154 1504 summa
1167 1444 1321 1522 p'otestate
1338 1460 1427 1521 prac-

159 1531 253 1590 ditum
278 1535 347 1594 ante
371 1531 489 1594 dixerit.
528 1532 584 1589 Cui
606 1547 699 1607 quum
720 1531 835 1590 tribuat
852 1530 888 1589 de
905 1531 1034 1589 mortuis
1050 1547 1147 1607 aeque
1171 1547 1206 1590 ac
1228 1530 1265 1590 de
1287 1531 1365 1591 vivis
1379 1530 1429 1606 ju-

160 1616 284 1686 dicium,
317 1617 392 1676 haec
421 1616 480 1675 duo
506 1615 741 1691 judicandorum
772 1633 886 1692 genera
917 1615 1104 1695 distmguere
1132 1615 1251 1677 uidetur
1278 1632 1339 1675 non
1368 1621 1428 1675 tam

159 1708 287 1778 propter
302 1720 357 1762 eos
376 1702 412 1761 ad
431 1718 509 1777 quos
526 1718 616 1777 quam
628 1702 668 1761 ob
681 1719 751 1761 cum
764 1702 799 1761 dc
812 1718 873 1778 quo
888 1701 1010 1761 scribat.
1034 1702 1083 1761 Sic
1098 1703 1178 1761 enim
1191 1702 1312 1761 videtur
1322 1717 1429 1778 proce·

159 1788 231 1848 dere
245 1790 485 1865 argumentatio:
509 1788 650 1847 Christus
667 1805 683 1847 e
699 1790 828 1847 mortuis
851 1787 948 1855 redux
971 1793 1002 1846 et
1023 1787 1060 1846 ad
1076 1784 1224 1847 summani
1243 1805 1346 1867 rerum
1369 1786 1429 1846 ela-

158 1880 223 1945 tus,
252 1875 441 1934 interrivos
463 1880 564 1934 autem
595 1873 696 1933 denuo
720 1876 916 1950 appariturus
939 1871 1053 1949 judicis
1081 1877 1235 1949 potestate
1263 1871 1429 1950 praeditus,

160 1961 236 2019 hanc
252 1978 339 2021 suam
354 1963 539 2037 potestatem
557 1961 588 2018 in
601 1965 739 2019 mortuos
754 1977 853 2036 aeque
868 1977 902 2019 ac
914 1960 1001 2019 vivos
1014 1959 1198 2019 exhibebit.¹
1226 1959 1338 2019 ludicii
1355 1975 1430 2019 vero

160 2050 298 2124 potestas
315 2047 512 2122 restringitur
529 2045 565 2104 ad
585 2043 780 2106 adversarios
795 2047 860 2121 (cfr.
877 2044 916 2115 ll,
935 2046 976 2119 8).
1012 2046 1081 2104 Jarn
1103 2063 1207 2106 errare
1224 2045 1344 2105 videtur
1359 2044 1430 2104 liol-

160 2149 290 2192 mannus
306 2150 399 2209 quum
416 2148 494 2208 quae
509 2149 601 2191 versu
618 2135 707 2191 sexto
722 2132 938 2191 contineantur
951 2132 1041 2190 etiam
1054 2133 1084 2191 in
1098 2131 1341 2192 adversariorum
1350 2129 1430 2207 judi·

160 2221 240 2277 cium
251 2218 491 2278 confirmandum
510 2216 588 2276 dicta
607 2234 678 2278 osse
691 2223 810 2297 censet,
832 2218 944 2294 quippe
964 2218 1016 2292 qui
1034 2234 1073 2277 ne
1093 2219 1205 2278 mortui
1218 2217 1341 2294 quidem
1356 2215 1430 2276 illud
1511 2210 1515 2222 ’

160 2304 340 2381 effugiant.²
363 2303 497 2364 Primum
511 2305 561 2362 vix
578 2303 763 2363 credendum
777 2307 825 2364 est
841 2305 872 2362 in
888 2307 1034 2374 „morte
1048 2308 1361 2379 persecutorum“
1374 2321 1430 2363 un·

160 2407 250 2467 quam
264 2408 446 2467 quemquam
460 2389 625 2451 offendisse
641 2389 861 2460 Christianum,
879 2390 968 2465 quasi
984 2389 1061 2449 haec
1079 2406 1140 2450 non
1160 2396 1245 2450 esset
1262 2407 1359 2466 poena
1377 2406 1430 2449 ne-

160 2495 219 2553 que
242 2478 360 2536 animae
382 2477 612 2552 perfunctorum
636 2475 757 2536 illorum
776 2474 884 2552 judicii
901 2477 1029 2545 extremi
1043 2493 1163 2555 poenae
1179 2480 1359 2536 tenerentur
1376 2475 1430 2535 ob·

161 2565 279 2622 noxiae.
316 2561 559 2621 Christianorum
583 2567 699 2622 mortes
722 2565 888 2639 postquam
903 2561 1044 2621 Christus
1068 2581 1084 2621 c
1107 2566 1206 2622 morte
1223 2561 1431 2622 resurrexerit

161 2665 235 2708 sane
257 2652 425 2725 potuerunt
447 2646 604 2708 offendere
628 2650 662 2724 (l
682 2647 792 2706 Thess.
808 2646 854 2716 lv,
875 2648 910 2708 13
928 2650 1024 2723 sqq.).
1069 2646 1186 2708 Deinde
1210 2648 1325 2718 obstat,
1348 2645 1430 2724 quod

161 2752 252 2812 quem
275 2736 305 2793 in
324 2734 416 2793 finem
430 2733 620 2809 evangelium
637 2731 846 2809 praedicatum
864 2734 905 2791 sit
927 2733 979 2804 iis,
992 2734 1043 2792 ita
1060 2735 1255 2809 exprimitur,
1279 2738 1314 2794 ut
1327 2735 1430 2810 potius

162 2821 269 2880 salutis
292 2822 377 2879 notio
401 2821 534 2879 emineat
556 2836 656 2895 neque
686 2823 769 2878 certe
797 2817 858 2876 ullo
889 2817 980 2877 modo
1009 2820 1214 2895 significetur,
1243 2821 1324 2880 hunc
1351 2822 1430 2879 istos

161 2908 253 2967 linem
272 2911 401 2983 propter
417 2903 661 2965 incredulitatem
679 2921 741 2964 non
759 2920 829 2964 esse
847 2905 1062 2964 consecutos.³
1090 2906 1165 2965 Hinc
1182 2905 1431 2978 Hensler,ll1uel·

161 2991 228 3053 ler⁴
250 2993 314 3064 alii,
343 3010 441 3069 nuper
461 2990 648 3068 Engelhardt
669 2991 699 3069 (l.
713 2991 743 3061 l.)
768 2993 943 3049 statuerunt
964 2987 1002 3048 ad
1025 2989 1132 3050 fideles
1150 2995 1253 3068 potius
1277 2994 1329 3071 qui
1353 3009 1431 3051 mor·

161 3081 207 3139 tui
231 3080 295 3155 jam
326 3082 433 3138 essent
466 3079 622 3154 respicere
651 3094 775 3137 versum
805 3080 933 3137 sextum.
985 3076 1171 3152 Engellrardt
1198 3084 1287 3155 putat
1315 3095 1359 3145 ex¹
1382 3078 1432 3138 illa

162 3167 332 3225 offensione
364 3167 395 3224 in
424 3164 558 3225 fidelium
587 3169 687 3224 morte
720 3167 929 3240 praematura,
958 3179 1035 3238 quae
1064 3165 1109 3222 uti
1136 3163 1214 3240 apud
1237 3163 1432 3225 Thessaloni·

162 3268 273 3311 censes
306 3254 347 3311 ita
375 3252 456 3310 iuter
484 3250 715 3319 hos‘valuerit‚
749 3247 959 3325 explicandum
987 3264 1057 3308 esse
1091 3249 1151 3308 hoc
1184 3248 1430 3311 additamentum.

162 3336 223 3398 Sed
246 3339 368 3413 gravior
397 3336 516 3397 videtur
543 3337 710 3407 sententia,
738 3339 830 3411 atque
857 3351 924 3394 cum
954 3336 1050 3394 totius
1073 3335 1221 3413 epistolae
1244 3354 1362 3397 summa
1384 3353 1433 3397 ar·

162 3425 241 3484 etius
263 3424 448 3494 cohaerenS,
477 3439 569 3498 quam
597 3429 631 3482 ut
652 3427 823 3483 statuamus
853 3420 1027 3496 apostolum
1056 3420 1104 3480 lris
1126 3422 1230 3482 verbis
1259 3423 1391 3484 lectores
1415 3440 1431 3483 a

98 3508 102 3515 '
163 3510 309 3586 singulari
327 3508 456 3586 quadam
479 3508 683 3568 sollicitudine
706 3507 838 3567 liberare
855 3507 1002 3576 voluisse,
1026 3507 1115 3582 quus
1134 3524 1172 3568 ne
1187 3512 1350 3586 vestigium
1367 3511 1432 3586 qui·

161 3596 230 3655 dem
252 3597 282 3655 in
306 3597 367 3655 ullo
390 3594 537 3672 epistolae
562 3594 629 3654 loco
653 3594 833 3656 inveniatur.
878 3592 1003 3653 Rectius
1026 3593 1156 3653 llliueller
1178 3593 1215 3653 ad
1239 3613 1349 3655 nexum
1372 3606 1433 3672 quo

162 3699 230 3742 cum
253 3699 347 3742 versu
368 3682 467 3757 primo
496 3687 528 3740 et
555 3680 690 3740 secundo
718 3680 882 3741 cohaereat
904 3683 1012 3738 noster
1038 3679 1152 3740 attendi
1176 3681 1273 3756 jubet.
1318 3682 1432 3758 Aperte

163 3771 243 3828 enim
266 3771 296 3827 in
321 3784 414 3828 versu
438 3773 547 3843 quarto
567 3767 631 3841 jam
654 3765 804 3842 quaedam
826 3765 1020 3841 aproposita
1038 3767 1176 3825 oratione
1192 3765 1344 3842 digressio
1363 3782 1432 3826 con·
1507 3780 1509 3787 ·

163 3856 267 3932 spicua
291 3860 352 3923 cst,
376 3870 454 3929 quae
477 3853 585 3929 quinto
602 3869 696 3911 versu
718 3859 844 3911 eatenus
868 3852 1079 3920 continuatur,
1096 3856 1247 3927 quatenus
1263 3850 1299 3910 de
1317 3850 1432 3927 judicio

163 3942 339 4000 imminente
363 3937 549 3999 adversariis
572 3939 682 4014 agitur.
728 3937 887 3996 Sententia
917 3953 991 3996 vero
1015 3953 1159 3996 versuum
1183 3939 1197 3997 1
1224 3942 1255 3996 et
1277 3938 1295 3997 2
1320 3953 1376 4013 per
1399 3954 1433 3998 se

163 4043 237 4086 sane
270 4025 391 4086 videtur
422 4023 577 4095 absoluta,
606 4023 663 4083 sed
692 4040 783 4085 versu
811 4023 829 4083 3
863 4038 924 4080 nou
957 4021 1055 4082 solum
1083 4022 1184 4099 pergit
1210 4022 1369 4098 apostolus
1402 4025 1434 4083 in

165 4112 270 4173 eadem
294 4108 488 4189 exponenda,
512 4110 603 4167 immo
626 4111 657 4168 in
680 4112 767 4169 sexto
797 4125 889 4168 versu
913 4106 949 4166 ad
972 4107 1099 4173 eandem
1125 4107 1191 4166 fere
1219 4110 1370 4170 rationem
1390 4115 1434 4169 at·

165 4216 224 4275 que
252 4201 283 4259 in
307 4195 442 4259 secundo
465 4197 635 4272 opponitur.
652 4197 728 4267 vita,
753 4210 832 4270 quae
856 4194 897 4252 sit
920 4191 957 4251 ad
980 4193 1036 4252 Dei
1058 4191 1257 4265 voluntatem,
1278 4194 1435 4256 hominum

166 4285 287 4345 vivendi
309 4284 421 4344 rationi
438 4281 553 4358 judicio
576 4281 741 4355 obnoxiae3
765 4281 824 4339 hoc
847 4284 964 4338 tantum
993 4278 1167 4338 discrimine
1191 4285 1225 4339 ut
1246 4281 1339 4352 infra,
1363 4281 1433 4357 quia

170 4397 422 4488 ‘Tc-seleon.
442 4432 511 4494 XlV,
529 4436 552 4486 9.
600 4486 604 4491 ,

233 4505 444 4572 Ἁ11μΜ1

232 4575 256 4626 3.
277 4573 371 4625 Confer
394 4588 461 4639 quae
488 4587 570 4639 nuper
594 4569 791 4634 aWiesingero
816 4566 962 4618 rectissime
988 4571 1153 4633 opponuntur
1171 4567 1310 4620 Hosmanui
1333 4575 1436 4653 senten·

168 4643 219 4694 tiae
237 4658 262 4708 p.
273 4644 332 4694 271.

234 4715 259 4763 l.
279 4711 360 4762 delere
377 4727 425 4760 oon
446 4711 491 4760 der
509 4711 595 4762 Stiode
612 4709 641 4760 11
658 4723 682 4773 p.
693 4707 751 4759 397.
