3210 5228
156 263 197 328 48
561 355 564 360 ι
653 269 756 328 lPsrr.
772 271 818 340 IV,
839 271 852 326 l
869 286 933 342 sqq.

158 428 313 514 ἁμαρτίας
336 435 441 517 (Rom.
459 438 547 510 viv
569 438 624 502 cir,
647 439 713 510 4).¹
763 439 861 499 libiam
891 437 972 516 quod
1000 454 1092 514 supra
1121 437 1251 514 legimus
1278 436 1336 513 (ll,
1361 437 1433 514 24),

160 527 229 600 apte
253 523 283 580 in
306 526 564 598 comparationem
585 531 713 586 vocatur
738 561 777 570 -—
800 561 840 570 -
861 523 913 583 ‘lvo
935 532 1003 595 ταῖς
1030 518 1196 602 ἁμαρτίαις
1217 514 1434 601 ἀπογενόμενοι

159 612 196 689 τῇ
225 602 403 689 δικαιοσύνῃ
435 604 583 686 ζήσωμεν,
637 611 729 687 Modo
762 612 820 671 boc
853 615 1010 682 teneatur,
1043 609 1149 669 nostro
1187 608 1253 669 loco
1283 626 1345 668 non
1372 615 1435 671 tam

160 710 238 770 quae
262 692 323 754 lide
346 696 512 770 accipiatur
529 698 681 773 justitiam
705 717 794 774 quam
819 717 897 774 quae
920 701 1034 758 virtute
1062 694 1244 756 exhibeatur
1274 697 1355 757 vitae
1388 714 1435 756 re

160 782 356 856 novationem
380 782 521 857 apostolo
545 783 704 844 obversari
727 791 758 844 et
785 783 821 843 ad
845 783 1074 844 similitudinem
1098 781 1228 857 exempli
1251 782 1366 841 Christi
1393 783 1435 842 ita

160 866 293 926 describi
322 869 410 942 quasi
439 869 573 944 perlecta
597 873 661 946 jam
689 873 730 930 sit
759 878 790 930 et
818 871 976 946 completa.
1018 869 1107 948 ¹Quae
1135 874 1309 944 sequuntur
1336 867 1378 938 εἰς
1399 865 1435 929 τὸ

159 950 266 1030 μηκέτι
295 985 338 996 -
369 955 483 1026 βιῶσαι
519 957 594 1016 satis
631 956 713 1016 clare
744 955 924 1023 ostendunt,
962 957 1010 1029 agi
1045 953 1083 1013 de
1119 954 1179 1013 line
1208 970 1270 1014 non
1300 971 1338 1014 eo
1375 970 1439 1032 quo

163 1040 375 1115 pervenerint,
400 1039 454 1100 sed
478 1058 539 1117 quo
562 1043 786 1119 properandum
810 1041 884 1102 sit²
916 1041 1033 1116 Quibus
1056 1041 1083 1100 si
1106 1044 1190 1099 recle
1213 1040 1363 1118 complexi
1387 1057 1436 1100 su·

114 1119 117 1132 '
161 1142 229 1185 mus
245 1132 458 1201 argumentum
473 1127 582 1187 borum
595 1146 741 1189 versuum
756 1147 929 1204 nexumque
946 1128 1177 1198 sententiarum,
1190 1142 1252 1186 non
1270 1126 1343 1186 nihil
1359 1125 1436 1187 lucis

157 1212 222 1288 jam
243 1211 376 1271 affusum
399 1213 457 1271 erit
479 1212 547 1274 loco
570 1214 752 1291 perillustri:
777 1211 817 1280 ιίι
833 1214 926 1273 τοῦτο
948 1210 1008 1292 γὰρ
1031 1212 1080 1271 καὶ
1103 1219 1219 1288 νεκροῖς
1234 1209 1436 1290 εὐηγγελίσθη

158 1295 210 1355 ’ίνα
233 1299 364 1370 κριθῶσι
387 1295 443 1371 μίν
468 1299 547 1358 κατὰ
568 1295 759 1379 ἀνθρώπους
782 1299 887 1376 σιιρκί,
913 1296 985 1372 ζῶσι
1014 1297 1047 1356 δι’
1070 1295 1149 1356 κατὰ
1172 1295 1247 1356 θεὸν
1275 1294 1435 1373 πνεύματι.
1497 1303 1502 1316 '

246 1382 395 1453 Primum,
419 1383 448 1442 id
472 1386 553 1462 quod
574 1388 732 1462 aptissime
750 1387 808 1446 hoc
826 1386 894 1445 loco
911 1386 1015 1444 statim
1030 1387 1248 1460 interponitur,
1272 1383 1355 1443 istud
1371 1405 1437 1464 κρι-
1494 1382 1499 1397 ‘

161 1470 256 1544 θῆναι
280 1501 321 1512 -—
344 1468 437 1550 σαρκί
463 1470 534 1547 quid
564 1473 619 1542 sit,
635 1472 735 1534 liacile
758 1469 960 1549 explicabitur
982 1488 1019 1531 ex
1043 1469 1305 1530 antecedentibus.
1336 1469 1438 1551 =Cogi-

162 1559 246 1615 tatur
269 1554 307 1615 de
330 1557 507 1630 passionum
531 1561 667 1618 cruciatu
686 1561 738 1634 qui
760 1564 860 1618 morte
882 1557 1054 1617 cumulatur
1075 1556 1165 1615 simul
1188 1561 1219 1616 et
1240 1558 1347 1615 linitur
1369 1557 1436 1633 (cir.

160 1639 280 1711 lll,18.
305 1641 351 1711 lv,
372 1644 397 1701 i.
418 1644 478 1716 17).
524 1643 677 1705 Judicium
701 1644 887 1722 appellatur,
910 1645 981 1719 quia
1003 1645 1057 1718 qui
1084 1641 1159 1702 baec
1186 1644 1342 1719 patiantur
1368 1659 1437 1720 pec·

163 1731 301 1786 catorum
324 1744 453 1803 poenam
477 1729 572 1790 luunt.
606 1728 641 1789 ld
665 1730 745 1807 quod
771 1728 873 1791 verbis
896 1725 975 1787 nard
998 1724 1188 1807 ἀνθρώπους
1204 1728 1317 1788 clarius
1338 1730 1438 1806 expri-

111 1869 113 1873 ,
160 1814 253 1873 ruitur
276 1813 341 1890 (cir.
367 1826 459 1889 supra
483 1834 511 1892 p.
525 1818 566 1889 l).
610 1815 761 1894 riblegant
785 1817 860 1876 haec
888 1821 994 1891 aperte
1017 1813 1054 1875 ad
1076 1832 1103 1874 v.
1120 1815 1155 1874 2:
1177 1808 1356 1891 ἀνθρώπων
1377 1811 1438 1873 im-

160 1897 290 1974 θαμίαις
313 1904 345 1958 et
367 1898 480 1960 docent
501 1901 539 1962 de
562 1901 677 1977 judicio
704 1901 880 1962 hominibus
903 1903 1028 1977 proprio
1052 1903 1101 1976 agi
1128 1901 1176 1959 cui
1199 1905 1361 1960 teneantur
1385 1899 1438 1959 ob-

160 1985 257 2054 noxii,
275 1987 387 2062 quippe
406 2004 497 2047 carne
514 1987 667 2048 immunda
682 1988 820 2065 praediti.
850 1986 950 2064 Σαρκί
965 1995 1040 2065 vero
1059 2003 1151 2061 quum
1166 1984 1356 2062 adjungitur,
1380 1986 1440 2046 hoc

161 2089 199 2131 ex
226 2075 447 2143 sententiarum
469 2091 549 2134 nexu
572 2075 613 2133 ita
638 2074 750 2134 dictum
770 2079 830 2146 est,
861 2077 895 2133 ut
915 2075 985 2151 ipso
1008 2071 1059 2132 illo
1083 2074 1184 2132 carnis
1202 2071 1319 2148 J'udicio
1344 2074 1440 2132 altera
1498 2133 1502 2141 ,

161 2157 293 2219 hominis
312 2175 349 2216 ex
369 2160 479 2235 spiritu
503 2160 605 2220 divino
617 2163 791 2236 regenerati
808 2176 881 2235 pars
896 2158 1024 2218 liberata
1045 2160 1196 2234 cogitetur
1211 2162 1270 2217 tam
1293 2175 1309 2216 a
1332 2174 1440 2236 pecca·

160 2248 263 2304 torum
281 2243 343 2316 (iv,
365 2248 400 2314 1)
425 2262 514 2321 quam
534 2263 550 2304 a
573 2263 691 2321 poenae
715 2241 907 2306 commercio.
955 2244 1083 2320 Neque
1107 2245 1259 2302 omuino
1283 2261 1326 2304 ex
1349 2261 1442 2321 apo·

162 2327 255 2388 stoli
275 2324 401 2389 mente
418 2331 495 2391 tale
515 2326 808 2407 'quiddemorte
831 2330 1046 2409 infidelium
1070 2328 1144 2390 dici
1172 2331 1306 2406 potuit.
1344 2333 1378 2390 In
1402 2331 1442 2398 iis

161 2431 223 2476 non
243 2431 315 2475 caro
339 2433 417 2491 quae
434 2416 462 2475 b.
477 2417 495 2480 l.
518 2416 641 2490 dicitur,
666 2417 720 2478 sed
743 2420 810 2494 ipse
825 2419 959 2486 animus,
983 2417 1050 2494 ipsa
1071 2416 1211 2476 voluntas
1230 2411 1348 2491 judicio
1371 2420 1441 2476 erat

160 2500 307 2562 obnoxia.¹
346 2501 380 2560 ln
407 2506 471 2561 tota
499 2503 648 2580 epistolae
678 2504 943 2580 argumentatione
966 2501 1056 2580 σαρκὶ
1079 2503 1192 2560 παθεῖν
1221 2501 1270 2562 vel
1292 2503 1441 2581 κριθῆναι

162 2587 314 2662 significat
336 2604 404 2646 eam
425 2591 527 2648 carnis
551 2591 817 2651 mortificationem
840 2607 919 2673 quae
943 2592 1010 2666 ipsa
1033 2590 1124 2648 animi
1145 2589 1206 2648 vita
1231 2593 1286 2649 est.
1306 2587 1441 2648 intelli·

162 2675 246 2749 gitur
263 2674 328 2748 jam
351 2673 436 2745 inde,
461 2676 554 2748 invito
578 2677 719 2753 apostolo
742 2695 759 2736 a
781 2677 826 2736 Ite
843 2676 958 2742 Weltio
983 2681 1014 2734 et
1037 2674 1104 2734 aliis
1127 2673 1202 2734 baec
1218 2674 1312 2733 verba
1336 2670 1373 2733 de
1391 2675 1441 2750 ju-

163 2758 240 2819 dicio
264 2758 437 2819 infidelibus
455 2759 570 2821 Noacbi
593 2762 773 2839 aequalibus
796 2763 934 2822 immisso
958 2763 1062 2837 accipi.

247 2849 339 2904 Arete
368 2846 514 2906 cohaeret
542 2865 610 2907 cum
640 2848 698 2908 bac
732 2849 827 2908 altera
858 2850 950 2907 etiam
979 2846 1016 2906 de
1047 2851 1201 2906 structura
1233 2845 1442 2906 membrorum

162 2933 313 3008 quaestio.
358 2931 425 2992 Duo
443 2935 530 2993 enim
551 2933 627 2994 haec
651 2935 785 2995 membra
809 2934 912 2993 finalia
940 2931 994 2991 ίνα
1015 2935 1148 3011 κριθῶσι
1170 2929 1288 3007 μίν-
1312 2928 1386 3004 ζῶσι
1409 2931 1442 2992 δέ

162 3019 204 3076 ita
221 3016 363 3077 videntur
383 3025 570 3096 comparata,
594 3026 628 3079 ut
648 3027 812 3097 utrumque
833 3018 941 3079 eodem
962 3017 1051 3078 modo
1071 3036 1108 3078 ex
1125 3015 1220 3077 verbo
1239 3013 1441 3096 εὐηγγελίσθη

154 3103 297 3179 pendere
321 3109 502 3167 statuamus.
549 3105 631 3166 Satis
649 3112 755 3167 notum
779 3111 827 3166 est
851 3105 976 3176 multos,
1000 3105 1053 3180 qui
1075 3120 1173 3179 nuper
1196 3105 1225 3162 in
1251 3103 1444 3179 expediendo

162 3189 310 3251 hocloco
335 3190 575 3263 elaboraverint,
599 3193 641 3251 ita
665 3211 734 3252 eum
757 3194 914 3267 accipere,
945 3195 988 3260 ut
1003 3190 1147 3267 κριθῆναι
1172 3189 1252 3249 istud
1282 3190 1369 3264 prius
1401 3191 1444 3250 ia-

163 3281 243 3337 ctum
261 3294 332 3337 esse
349 3277 474 3340 credant
491 3275 694 3354 quam'ipsam
711 3278 861 3355 evangelii
878 3276 1153 3353 praedicationem,
1177 3277 1321 3336 effectum
1340 3281 1444 3337 autem

162 3363 254 3438 hujus
283 3365 314 3420 in
337 3362 434 3424 altero
458 3370 574 3424 tantum
596 3364 735 3424 membro
760 3361 843 3440 (ζῶσι
864 3361 896 3421 δι’
913 3397 956 3406 -
974 3354 1134 3435 ιιντίγιαιι)
1158 3360 1327 3438 exprimi3³
1351 3366 1441 3438 quasi

165 3501 216 3506 .....
223 3500 354 3508 ......-...„-

232 3569 253 3616 1.
274 3565 398 3616 Gonieras
416 3567 525 3616 maxime
544 3583 567 3618 v.
583 3570 610 3620 li
630 3552 681 3634 sq:
706 3565 775 3618 ebro
792 3566 839 3618 καὶ
858 3562 936 3637 ίιγιεῖς
959 3565 1106 3650 λογίζεσθε
1130 3560 1240 3622 ἑαυτοὺς
1259 3559 1374 3634 νεκροὺς
1390 3561 1444 3637 μὲν

163 3634 196 3755 tp]
214 3630 469 3754 &maenztiffimc
485 3631 567 3755 illelmi
583 3637 641 3760 322⁰}
653 3628 689 3706 Ιἐκ
703 3635 817 3709 Χριστῷ
830 3631 924 3703 Ἰησοῦ.
944 3633 982 3685 M
985 3651 1001 3702 η
1019 3621 1081 3684 obv
1098 3631 1305 3700 βασιλευέτω
1325 3630 1341 3700 ἡ
1358 3630 1446 3706 ἆμαρ·

164 3720 282 3754 τακτ.
354 3719 420 3755 resrn
442 3719 470 3759 er
498 3745 579 3758 ...
656 3721 695 3756 s.

231 3775 254 3824 2.
274 3772 354 3823 Recte
380 3773 411 3824 ab
424 3720 723 3842 ffiutheroiablegapmr
745 3772 777 3824 ad
794 3774 950 3825 'relationem
971 3788 1021 3838 qua
1038 3769 1138 3842 μηκέτι
1155 3773 1283 3838 particula
1303 3787 1361 3822 cum
1385 3789 1446 3840 pee-

163 3843 232 3893 iecto
253 3839 391 3893 πέπαυται
411 3844 548 3905 cobaeret;
568 3842 671 3896 additur
690 3846 744 3908 jam
764 3841 789 3895 id
809 3842 879 3912 quod
898 3857 928 3894 ex
948 3844 1035 3910 priore
1055 3842 1182 3894 sententia
1209 3842 1328 3909 sequitur
1352 3840 1447 3893 codem

164 3909 241 3962 modo
266 3915 344 3981 atque
368 3911 441 3963 Rom.
460 3911 507 3972 vi,
525 3917 562 3965 ii.
582 3916 620 3966 12.
661 3913 698 3964 lle
723 3918 778 3964 toto
802 3913 861 3964 looo
886 3911 931 3962 cir.
955 3911 1039 3962 Baur
1064 3911 1081 3962 i.
1099 3911 1117 3962 l.
1137 3913 1236 3977 pato:
1262 3911 1344 3972 „Wer
1369 3911 1447 3964 laidet

164 3982 217 4032 und
235 3981 351 4031 dadurclr
368 3984 415 4033 mit
434 3983 480 4032 der
493 3983 580 4032 Sitnde
599 3983 696 4042 bricti,
717 3983 825 4034 τιταίνει
845 3983 900 4035 also
919 3983 990 4032 scine
1008 3973 1092 4049 σάρξ,
1112 3982 1152 4031 als
1166 3982 1283 4034 densita
1299 3980 1345 4030 der
1361 3974 1448 4050 ἆμαρι·

163 4049 223 4110 ria,
243 4050 294 4111 auf
308 4051 417 4102 dieselde
441 4049 608 4114 Weise*(?),
627 4055 675 4102 wie
700 4051 739 4100 dei
758 4051 876 4102 Christos
900 4052 941 4101 die
961 4050 1056 4101 leiden
1080 4051 1122 4100 die
1138 4050 1284 4117 Ertddtunp
1308 4049 1354 4099 der
1377 4041 1449 4119 σάρξ

164 4120 247 4172 ιααι.“
319 4119 395 4178 „Die
419 4122 603 4172 oomotivr'rten
622 4122 701 4171 Scitne
725 4119 786 4169 sind
808 4120 889 4171 daret
911 4120 1076 4186 pauliniscde
1101 4118 1279 4185 Ααιτίιαααιιγ
1304 4118 1347 4168 des
1369 4117 1448 4170 Tader

166 4188 261 4240 Cirr-isti
286 4203 317 4235 ια
336 4191 495 4252 αιγᾶατοα.“
532 4187 648 4250 „Petrus
673 4197 737 4239 relat
757 4205 792 4238 an
817 4190 858 4239 die
878 4189 957 4238 Stella
977 4189 1024 4238 der
1041 4189 1234 4254 dopmatr'ecben
1253 4188 1312 4238 Idee
1335 4187 1382 4237 der
1400 4186 1446 4239 Le·

164 4249 413 4322 benspemer'nsclrnst
424 4260 470 4308 mil
483 4257 602 4309 Christus
621 4259 670 4308 den
682 4258 813 4308 sitilicben
829 4257 931 4323 Bepriff
943 4259 990 4307 der
1006 4257 1149 4323 ll'aclrfolpe
1164 4256 1288 4307 coristi.“
1316 4253 1446 4307 Holmann

164 4327 181 4376 l.
192 4326 208 4376 Ι.
227 4339 252 4390 p·
264 4323 326 4374 326:
347 4324 401 4383 „Es
415 4327 556 4392 verqleicltt
573 4326 629 4377 siclt
647 4327 704 4376 dem
720 4325 846 4388 edensulls
865 4327 1035 4391 cltpemeinen
1047 4327 1126 4376 Sotae
1143 4323 1212 4375 Rom.
1231 4324 1273 4386 Vl,
1288 4328 1348 4393 7sq.
1368 4354 1401 4362 -
1414 4352 1448 4362 -

165 4395 219 4447 und
236 4393 325 4457 desaqt
350 4392 410 4443 eden
429 4411 456 4445 ιο
479 4397 562 4463 ιονιιίρ
587 4397 627 4448 als
646 4397 745 4456 dieser,
770 4413 823 4446 was
842 4396 973 4463 derjenipe
995 4395 1091 4462 ριιίιαα
1110 4394 1171 4459 dat,
1190 4394 1299 4445 welcter
1322 4397 1358 4444 im
1378 4394 1448 4446 nos-

165 4464 225 4516 sebe
241 4461 348 4528 petuam
367 4460 428 4522 tat,
447 4465 559 4515 eundern
578 4465 719 4528 vialardo,
739 4482 793 4516 was
813 4482 839 4515 er
858 4468 902 4516 mit
921 4466 1061 4516 demrelben
1080 4463 1214 4529 pewordcn
1234 4490 1318 4516 -a-
1337 4464 1400 4515 dass
1420 4481 1449 4515 er

165 4535 211 4584 mit
224 4532 270 4581 der
281 4529 367 4580 scinde
384 4547 415 4580 τα
425 4529 497 4581 Euda
511 4535 572 4584 ist.“
591 4562 621 4569 —
634 4561 666 4570 —
683 4535 745 4594 „dec
759 4536 807 4584 wir
823 4535 862 4584 dei
872 4532 1034 4585 intestatus
1049 4531 1192 4581 cersonae
1206 4531 1340 4598 perturbere
1358 4532 1449 4584 sbrd.·“
1472 4547 1476 4550 ·

82 4612 84 4619 ·
191 4628 194 4633 ·
229 4601 252 4652 3.
274 4598 324 4657 Gir.
344 4597 427 4649 instar
446 4600 562 4652 omnium
581 4600 702 4668 strigem
721 4602 758 4653 lie
779 4600 1036 4654 Weite-Brucckuer
1055 4603 1081 4649 et
1099 4597 1198 4650 liutber
1216 4598 1248 4650 ad
1266 4599 1318 4653 b.l.
1348 4599 1444 4652 Contra

164 4682 210 4720 eos
229 4668 375 4720 rectissime
397 4667 546 4734 Wiesinger
564 4687 591 4736 p.
605 4673 666 4724 275.
