3210 5228
633 320 739 379 ll’are.
755 320 807 390 iil,
827 317 874 376 18.
1355 308 1394 375 19

116 487 156 550 (le
177 486 353 549 bominibus
370 485 518 564 indicatis
543 485 648 564 nopai,
670 487 844 550 virentibus
868 478 1032 564 accipere,
1046 487 1157 545 τοττι-ο
1179 483 1247 545 loco
1268 481 1306 545 ai
1326 488 1396 545 vei·—

118 575 194 636 bnm
216 571 430 653 respondentia
451 573 564 636 nuliam
591 572 775 636 omninode
802 572 934 651 apostoli
956 573 1059 632 mente
1088 567 1252 631 admittunt
1278 566 1396 630 dubita·

119 661 248 722 tionem.
288 658 410 722 cbristo
433 676 508 722 sane
531 664 638 721 natura
664 661 825 737 competit,
847 657 929 737 qnod
952 657 1048 735 gratia
1070 655 1204 717 donatur
1226 657 1396 734 peccatori·

119 747 189 811 bns.
223 745 306 822 Quae
326 744 414 806 Pauli
435 746 502 807 loca
525 747 630 808 afferri
653 747 756 808 solent
777 745 880 821 (Rom.
893 743 921 816 Ι,
938 745 967 808 3.
984 747 1013 807 4.
1039 746 1054 805 1
1075 739 1150 803 Tim.
1163 741 1216 816 ΙΙΙ,
1237 743 1308 817 16),
1334 756 1395 803 non

117 849 248 911 prorsus
269 829 379 893 eodem
401 829 492 894 modo
515 839 689 912 comparata
713 848 784 893 esse
807 829 959 894 videntur.

154 973 160 978 .
202 918 329 980 Veteres
351 918 419 997 iere
436 934 558 991 omnes,
575 920 784 981 recentiorum
800 916 937 978 nonnulli
952 928 1058 978 rocem
1074 907 1223 990 πνεύματι
1237 912 1277 974 ile
1293 912 1396 975 divina

22 1050 26 1055 -
117 1004 230 1067 christi
240 1008 352 1065 natura
361 1004 559 1082 intelligunt,l
573 1010 607 1066 ut
618 1004 746 1067 eandem
759 1004 875 1065 reierat
887 1003 1073 1065 sententiam
1085 1005 1193 1063 noster
1204 999 1291 1062 locus
1303 1012 1395 1076 qnam

115 1089 199 1152 Parii
214 1089 267 1152 iiie
281 1090 314 1165 (2
326 1090 396 1151 Gor.
408 1090 489 1162 XIII,
504 1093 552 1165 sil:
575 1085 784 1168 ,ἐσταυρώθη
803 1087 834 1162 ἒξ
849 1085 1029 1160 ἀσθενείας,
1047 1083 1128 1146 tili
1144 1083 1223 1169 ζῇἓκ
1236 1079 1397 1160 δυνάμεως

115 1177 229 1237 secr
257 1172 397 1251 annom
412 1193 477 1239 rem
494 1179 618 1251 attInet,
637 1179 714 1238 satis
729 1181 822 1239 recte.
853 1171 930 1236 Nam
942 1179 1008 1236 tota
1023 1173 1178 1252 scriptore
1195 1167 1396 1242 contestatur,

113 1261 230 1324 Christi
244 1263 507 1325 resurrectionem
529 1280 592 1325 non
616 1265 676 1324 nisi
692 1263 792 1324 divina
806 1262 944 1340 potentia
963 1260 1106 1322 erectam
1120 1268 1201 1322 esse.
1237 1256 1298 1320 Sei
1316 1255 1397 1318 solet

113 1366 131 1409 a
150 1347 247 1410 Petro
270 1348 429 1423 attuarii,
455 1352 532 1420 i,3.
557 1354 621 1411 Aet.
642 1349 681 1424 ll,
700 1350 760 1428 24)
791 1349 856 1410 ileo
883 1349 964 1426 patri
985 1346 1081 1408 tribui
1110 1340 1165 1408 tor
1188 1343 1397 1416 resuscitatio,

112 1449 176 1496 non
198 1434 243 1496 ilii
264 1432 385 1497 dirime
407 1437 565 1514 potentiae
588 1453 667 1514 quae
690 1439 722 1497 in
746 1435 869 1497 cbristo
890 1436 961 1512 ipso
976 1434 1052 1503 init,
1075 1431 1115 1494 ia
1140 1445 1201 1511 qua
1220 1430 1397 1493 necessario

111 1525 224 1583 nostro
248 1521 317 1581 loca
340 1521 536 1598 cogitandum
559 1528 652 1585 esset.
692 1521 803 1583 Obstat
825 1526 917 1583 etiarn
939 1517 1096 1581 (Ιοίίτοα.1
1129 1516 1196 1580 lion
1218 1521 1267 1580 ris
1290 1522 1322 1578 et
1343 1526 1397 1594 po·

111 1608 228 1679 tenna,
251 1623 296 1668 ex
317 1624 392 1685 qua
416 1613 486 1669 nata
510 1610 551 1670 sit
572 1625 651 1670 nora
674 1607 789 1671 christi
811 1609 889 1680 nita,
915 1604 970 1669 seii
994 1605 1141 1676 ambitus,
1169 1609 1204 1666 nt
1225 1607 1269 1665 ita
1291 1599 1397 1674 dicam,

113 1710 174 1755 sen
195 1694 276 1754 ratio
300 1698 331 1754 et
348 1697 468 1760 ,natura
498 1697 578 1757 vitae
606 1697 697 1759 istius
727 1695 933 1773 significatur,
962 1704 1023 1771 qua
1047 1690 1188 1752 Christus
1220 1709 1237 1752 e
1266 1688 1397 1750 mortuis

112 1779 214 1841 reim
236 1780 364 1841 ιιτίτιιτ.8
409 1779 584 1858 Spiritualis
608 1781 727 1842 scilicet
754 1786 817 1850 est,
848 1781 949 1841 carnis
977 1779 1098 1854 inopine
1127 1780 1159 1837 et
1187 1776 1397 1855 angustiarum

114 1882 246 1947 expers,
270 1865 399 1927 honoris
423 1872 455 1927 et
479 1867 594 1946 gloriae
617 1870 698 1928 vitae
721 1867 842 1929 divinae
865 1860 1062 1943 particeps;⁴
1087 1864 1134 1924 uti
1155 1863 1268 1924 Paulus
1296 1864 1399 1940 ipsum

114 1949 191 2014 iilud
213 1950 341 2030 carptis,
363 1968 424 2030 quo
449 1951 574 2014 indutos
597 1954 664 2013 iore
688 1951 762 2016 dicit
783 1952 907 2024 fideles,
932 1964 1001 2012 cum
1027 1951 1269 2022 resuscitantur,
1293 1946 1396 2025 appel-

115 2038 161 2100 lat
180 2039 274 2114 σῶμα
295 2036 511 2123 campanaria.
556 2039 621 2115 Qua
644 2041 781 2117 potentia
803 2043 896 2100 utens
919 2037 1062 2099 Giiristns
1084 2033 1214 2098 redierit
1240 2034 1273 2096 in
1302 2035 1396 2095 rrum

117 2123 176 2185 iroc
197 2123 266 2184 ioca
289 2122 401 2185 (locere
424 2125 497 2185 nibil
520 2126 618 2186 refert
640 2125 789 2203 apostoli,
820 2127 913 2185 immo
936 2126 978 2184 ita
1001 2123 1161 2197 victoriam
1185 2122 1288 2184 crucis
1318 2134 1399 2180 mor·

78 2222 88 2239 ‘
118 2214 180 2272 terr
208 2215 346 2272 secutam
367 2209 528 2284 describit,
558 2217 593 2272 ut
620 2228 786 2291 congruam
816 2227 888 2274 esse
916 2213 1064 2289 appareat
1091 2219 1159 2270 cuin
1187 2213 1276 2270 sorte
1303 2198 1399 2291 homi·

118 2312 205 2368 nana,
223 2297 382 2374 justorum
404 2303 505 2360 tamen
530 2303 562 2361 et
577 2299 713 2377 piorum,
733 2301 785 2379 qui
809 2301 841 2360 et
853 2299 913 2376 ipsi
931 2301 1062 2358 mortem
1080 2297 1184 2357 earnis
1203 2293 1346 2373 perpessi
1362 2288 1400 2352 ai

116 2383 212 2444 νὶίαοι
235 2382 393 2443 meliorem
415 2383 621 2446 resuscitandi
644 2387 715 2447 sint.
744 2384 930 2446 Rectissime
943 2381 1168 2447 viditFiatins:
1193 2392 1286 2456 „esse
1305 2394 1400 2457 quan-

116 2467 187 2530 dam
214 2468 399 2530 locatorem
426 2488 444 2530 a
474 2472 627 2531 communi
658 2473 794 2532 omnium
823 2472 943 2548 piorum
970 2473 1056 2530 sorte
1091 2471 1245 2546 sumptam¹
1278 2470 1330 2527 aut
1362 2470 1400 2526 ea

116 2558 204 2617 carte
219 2555 478 2632 respicientem*
493 2558 536 2618 ita
553 2564 655 2620 tamen
674 2562 709 2619 ut
724 2557 865 2618 Christus
880 2555 1074 2619 describatur
1095 2559 1241 2633 tanquam
1264 2550 1324 2614 dux
1347 2551 1401 2628 qni

116 2641 198 2704 viam
219 2643 377 2719 aperuerit
404 2643 548 2721 reIIquis:
573 2641 627 2703 ‘lvo
651 2637 734 2722 ἡμᾶς
758 2637 936 2723 προςαγάγῃ
957 2644 1002 2725 τῷ
1023 2631 1104 2724 θεῷ,
1129 2637 1330 2708 θανατωθεὶς
1344 2633 1401 2712 μὲν

117 2723 225 2808 nopai,
249 2726 451 2806 ζωοποιηθεὶς
479 2724 695 2804 illacrimari.
741 2729 829 2791 Nunc
860 2729 968 2790 meiius
991 2727 1208 2806 perspicietur,
1240 2741 1301 2803 quo
1327 2724 1400 2801 jnre

116 2811 202 2876 istud
223 2807 400 2895 αροςαγάγῃ
421 2814 465 2897 τῷ
490 2816 556 2897 θεῷ
579 2814 615 2876 ad
639 2817 843 2894 expiationem
867 2818 1063 2893 peccatorum
1086 2830 1125 2874 ne
1148 2814 1398 2889 restringeretur,

119 2899 275 2962 dehortati
297 2917 412 2962 sumus.

204 2984 307 3047 Verbo
329 2986 558 3065 θανατωθῆναι
575 3004 727 3064 nusquam
744 2989 776 3047 in
794 2985 849 3048 No.
863 2987 917 3048 Το.
933 2987 1034 3046 notari
1050 3000 1201 3046 summum
1218 2983 1400 3060 supplicium

120 3086 176 3134 ses
197 3071 360 3152 capitalem
381 3090 512 3151 poenam
535 3079 621 3135 recte
643 3074 762 3134 monuit
784 3078 890 3134 contra
912 3070 1067 3133 Wahiium
1090 3069 1216 3132 Butler.
1251 3069 1316 3128 Hoc
1331 3067 1400 3128 loco

119 3159 220 3221 omnis
242 3159 290 3218 vis
313 3160 345 3221 in
368 3158 471 3221 dativo
494 3158 589 3239 σαρκί
608 3162 709 3237 posita
732 3166 794 3232 est,
818 3165 853 3221 ui
868 3162 997 3236 apparet
1012 3173 1103 3235 quam
1119 3158 1249 3217 maxime
1264 3172 1301 3216 ex
1319 3154 1397 3223 1v‚1

118 3243 283 3325 (Χριστοῦ
305 3233 360 3304 οὖν
381 3240 541 3317 παθόντος
563 3245 688 3325 σαρκί),
711 3263 790 3324 quae
813 3245 910 3306 verba
933 3243 970 3305 ad
990 3248 1132 3305 nostrum
1154 3258 1280 3304 versum
1302 3241 1401 3319 respi-

117 3332 206 3393 ciant
232 3330 557 3409 comprehenduntque
586 3335 752 3412 utrumqne
781 3331 855 3393 illud
877 3328 1010 3410 Χριστὸς
1032 3364 1072 3373 -
1097 3324 1195 3390 ἔπαθε
1223 3335 1255 3389 et
1276 3360 1320 3372 -
1341 3329 1402 3386 θα-

121 3414 276 3487 νατωθεὶς
299 3416 400 3497 nopai.
432 3418 508 3479 ilinc
526 3418 707 3480 vertentium
723 3420 782 3479 erit
797 3422 946 3493 „mortem
966 3432 1078 3495 passus
1098 3415 1220 3476 carnis“
1240 3432 1278 3477 eo
1297 3424 1401 3487 sensu,

119 3553 185 3607 aber
206 3556 243 3606 im
268 3552 427 3621 Gepeosatae
451 3571 499 3604 naar
516 3548 587 3624 σάρξ
609 3556 681 3606 oiebt
704 3556 752 3606 das
775 3556 937 3615 materiante,
959 3554 1071 3606 eandm
1094 3551 1143 3604 dae
1166 3554 1195 3604 ἑο
1218 3553 1265 3603 der
1287 3549 1401 3602 Wiener·

118 3622 213 3693 petar}
229 3622 283 3675 a’lsm
299 3620 452 3689 pescIeaIrie
471 3618 576 3690 Princip
594 3625 679 3675 amnes·
699 3623 1003 3692 Getieaqemea'rascbasif‘

190 3693 214 3745 1.
237 3688 417 3746 θανατωθεὶς
432 3685 486 3761 μὲν
506 3690 540 3763 τῇ
558 3687 644 3761 φύσει
661 3691 710 3759 τῆς
728 3687 845 3761 σαρκός,
869 3687 995 3746 τουτέστι
1018 3705 1034 3742 τ
1076 3685 1257 3760 ἀνθρωπίνῃ,
1280 3682 1404 3745 &rami

120 3752 334 3833 saepesaepe
351 3757 400 3826 τῆς
417 3752 555 3828 θεότητος.
576 3759 684 3813 Oscum.
695 3759 842 3830 I'beopbyl.
857 3789 892 3799 -
909 3760 1008 3812 Calvio.
1040 3759 1126 3812 divina
1143 3757 1322 3827 potential-
1340 3753 1402 3807 Ger·

120 3827 201 3892 barti,
224 3828 311 3881 Calon.
349 3827 420 3887 inter
443 3830 605 3882 recentiores
629 3829 746 3899 Philippi
765 3831 806 3893 (in
826 3845 868 3898 ep.
893 3829 925 3881 ad
944 3830 1019 3882 Rom.
1043 3828 1090 3883 lid.
1110 3828 1131 3881 il
1149 3844 1174 3895 p.
1191 3829 1249 3885 20).
1286 3821 1401 3886 Schmin,

121 3899 182 3953 titi.
201 3896 286 3951 Theol.
305 3896 349 3957 ii,
370 3899 426 3952 166.
463 3898 564 3961 WeIsS,
582 3899 678 3952 Petrina.
696 3899 834 3966 Lebrbepr.
853 3916 878 3966 p.
889 3901 940 3952 252
950 3915 988 3967 sq.
1008 3898 1041 3954 al.

190 3968 217 4021 2.
235 3966 316 4018 Recte
336 3964 451 4034 Steiger:
478 3968 555 4029 „Der
573 3969 651 4020 Datin
670 3962 808 4038 πνεύματι
831 3969 902 4021 kann
924 3969 981 4021 bier
1003 3986 1047 4021 um
1063 3967 1107 4018 des
1128 3965 1299 4032 Gepeaaaizes
1317 3963 1402 4032 σαρκί

122 4037 211 4090 evilim
227 4037 301 4088 nisisi
316 4038 363 4086 mii
381 4036 483 4088 durcb
500 4038 705 4104 aoa'ederpepebea
722 4039 831 4090 werden.

191 4106 217 4159 3.
237 4103 351 4171 bengel:
370 4103 451 4166 „Caro
471 4111 497 4156 et
515 4107 622 4171 spiritus
639 4120 691 4157 non
711 4104 837 4159 oenomai
854 4107 960 4174 proprie
976 4107 1096 4157 naturam
1108 4101 1202 4154 Christi
1217 4101 1356 4154 humanam
1376 4106 1402 4153 et

121 4174 252 4234 (lisinam,
270 4171 318 4226 sed
334 4173 492 4242 principium
511 4178 659 4241 statumque
671 4175 740 4227 vitae
759 4180 786 4228 et
804 4176 965 4243 operationIs
981 4185 1112 4240 congruae
1125 4169 1168 4223 vel
1186 4171 1255 4223 lnter
1268 4170 1401 4232 mortales,

34 4296 44 4305 ,
121 4238 267 4314 'quamlibet
280 4244 382 4308 justae,
399 4241 443 4294 vel
461 4256 519 4293 cum
539 4241 607 4303 lleo,
626 4245 704 4296 etiam
723 4245 882 4312 gloriosae.“

192 4316 216 4367 i.
236 4311 364 4364 Hoimanu
383 4312 542 4375 Sebrifibeao.
559 4312 602 4373 11,
622 4315 636 4365 i
654 4303 757 4381 p.‘336:
776 4314 856 4374 ‚,Das
875 4316 931 4366 dem
945 4312 1010 4363 I'ode
1026 4309 1169 4373 ooescllene
1187 4308 1269 4362 lebera
1286 4325 1342 4362 soor
1360 4309 1402 4361 ein

125 4382 343 4444 memorales,
361 4382 410 4433 aas
428 4382 508 4433 θείνει
526 4383 568 4433 ein
585 4381 699 4444 solebas,
723 4382 830 4435 acelaber
849 4399 885 4435 αα
902 4382 948 4432 der
968 4381 1177 4449 peoenaoiirtipea
1196 4377 1402 4444 Bescloffenlreit

123 4453 171 4505 dea·
195 4451 388 4505 mareoticum,
403 4449 501 4510 Noiur,
526 4468 561 4503 aa
585 4450 631 4501 der
651 4448 869 4504 Aeaeaerla'clslea't
892 4451 964 4502 ibren
986 4433 1241 4517 Weliqemes'nrelnsi
1263 4450 1333 4500 seiae
1354 4445 1401 4498 Be·

74 4532 77 4537 '
126 4520 275 4574 summitate
290 4520 370 4571 lenite.
397 4520 453 4570 Dos
469 4521 717 4587 wiederpewoaneae
728 4517 811 4570 Lebea
828 4522 863 4571 ist
881 4521 922 4572 ein
936 4518 1120 4580 θαίτιατὶεῠνα,
1136 4519 1185 4571 doe
1203 4518 1282 4569 laissi
1297 4518 1338 4568 eia
1351 4516 1401 4569 sol·

126 4590 200 4652 obes,
218 4586 325 4640 aoelebes
336 4589 405 4640 aeine
419 4587 603 4642 bestimmten
615 4605 665 4639 aon
679 4588 735 4640 dean
747 4587 832 4642 Gea'sie
848 4589 924 4642 Ioci.“
935 4616 967 4627 -·
978 4587 1080 4660 „nami
1093 4617 1123 4626 -
1136 4579 1274 4656 πνεύματι
1289 4588 1346 4638 eine
1355 4585 1402 4638 ad·
1491 4641 1496 4650 ,

126 4658 240 4712 nauale
250 4657 506 4727 Nulerteata'mmuap
514 4658 560 4723 fior
570 4661 670 4709 θανατ.
681 4658 735 4709 aad
744 4657 844 4720 ζωαπ.“
863 4657 913 4711 Gir.
923 4654 1020 4712 lutber
1029 4655 1097 4727 apuli
1106 4655 1299 4722 Wiesingerum
1309 4656 1400 4723 p.2i⁵.

195 4729 220 4780 t.
239 4724 325 4778 Gloss.
344 4740 428 4792 comp.
448 4726 494 4778 iol.
509 4728 583 4780 1242.

1075 4827 1194 4886 12.
