3210 5228
722 331 907 390 luruccucrrc.
1436 322 1455 384 3

173 499 324 562 firmando
347 500 475 577 ejusque
498 498 613 559 ambitu
635 501 830 576 potissimum
852 495 1132 558 circumscribendo
1155 493 1236 554 baud
1256 496 1366 570 exigua
1381 511 1456 554 cura

175 585 377 663 impendatur,
399 590 463 649 tum
486 586 517 645 in
540 584 590 645 iilo
607 585 693 646 Petri
715 584 783 646 loco
807 584 995 645 enucleando
1011 583 1096 643 multi
1111 583 1194 658 iique
1212 580 1383 640 doctissimi
1398 583 1455 640 viri

176 675 288 734 iterum
310 675 483 748 iterumque
506 671 742 732 elaboraverunt
761 673 1006 743 accuratissime,
1029 687 1090 729 unc
1106 668 1171 728 iere
1188 684 1244 727 cre
1260 669 1456 739 consentien-

177 765 240 829 ιιι,
268 758 339 836 quid
367 761 453 818 esset
459 774 580 842 quove
608 763 763 858 spectaret
785 756 953 819 descensus
978 757 1092 816 Christi
1067 756 1173 815 tnisi
1196 771 1232 813 ιι
1261 753 1320 813 boc
1348 754 1456 814 icccc

177 844 258 906 uullo
282 845 454 904 accuratius
477 847 622 919 cognosci
645 844 825 921 detinirique
848 861 950 921 posse.
996 844 1078 917 Quae
1102 845 1154 901 aut
1156 838 1202 899 em
1227 839 1395 914 colligenda
1418 856 1455 900 ex

52 943 57 959 ·
177 932 226 992 illc
249 930 445 1000 videbantur,
476 934 593 991 tantum
621 931 719 991 abiuit
746 936 780 990 ut
803 937 942 991 veterum
973 929 1214 1006 dogmaticcrum
1245 925 1350 985 derra
1374 926 1455 985 dam-

176 1018 256 1078 natis
284 1015 460 1093 praedicata
429 1016 672 1077 stententiam
706 1017 939 1087 confirmarent,
975 1021 1009 1076 nt
1037 1014 1074 1075 de
1105 1013 1262 1090 evangelio
1294 1013 1454 1072 salutifero

176 1105 305 1163 mortuis
324 1104 507 1162 annunciatc
520 1105 648 1180 cogitari
667 1107 812 1180 oportere
830 1108 1020 1162 statueretur
1037 1118 1134 1178 paene
1155 1096 1193 1158 ab
1205 1100 1354 1159 omnibus.
1382 1098 1456 1158 Prc-

175 1194 287 1250 vocant
309 1194 411 1249 autem
433 1206 524 1290 quam
547 1192 677 1249 maxime
700 1189 737 1248 ad
760 1206 886 1260 nexum,
916 1205 977 1265 quc
1000 1191 1236 1265 arctissimet
1195 1189 1254 1245 iste
1277 1186 1364 1246 locus
1387 1202 1455 1244 cum

176 1283 264 1337 sexto
286 1276 397 1362 capitis
419 1277 550 1351 proximi
572 1291 666 1335 versu
689 1277 832 1375 conjunct
833 1293 869 1335 us
893 1277 942 1335 sit.

260 1349 357 1438 Atqui
374 1377 413 1438 pa
415 1365 460 1421 tet
479 1363 588 1437 quanti
610 1363 651 1421 sit
672 1363 813 1438 quaestio
836 1365 894 1423 ista
878 1362 1067 1423 amotimeu.
1108 1360 1230 1419 Etenim
1253 1361 1280 1418 si
1303 1359 1457 1434 scriptura

176 1465 263 1508 sacra
277 1449 379 1508 teste
371 1448 449 1524 ipsis
465 1449 593 1506 mortuis
610 1447 800 1522 evangelium
819 1448 1028 1524 praedicatum
1042 1450 1099 1517 est,
1124 1450 1230 1522 aperte
1247 1449 1391 1505 aeternae
1407 1460 1457 1505 sa

175 1535 247 1595 lutis
261 1532 477 1610 adipiscendae
496 1535 629 1608 spatium
645 1533 788 1594 dilatatur
804 1535 884 1594 ultra
899 1536 977 1594 tices
994 1535 1073 1593 vitae
1088 1533 1257 1592 terrestris
1287 1529 1415 1604 Quod
1390 1547 1457 1591 sive

176 1619 320 1680 omuibus
342 1622 467 1680 omuino
488 1618 659 1679 vindicetur
681 1622 820 1696 quiante
835 1620 942 1697 judicii
956 1621 1085 1679 extremi
1099 1619 1265 1678 terminum
1278 1618 1457 1689 moriautur,

175 1707 220 1766 uti
243 1706 344 1782 placet
365 1704 522 1776 (baedam,
546 1707 612 1766 sive
635 1707 841 1785 restringatur
864 1707 901 1766 ad
924 1706 1062 1782 singulos
1080 1703 1230 1781 quosdam
1252 1704 1301 1765 vel
1324 1703 1361 1762 ad
1384 1712 1457 1779 gen*-

175 1793 247 1853 tdes
270 1790 507 1868 praedicationis
529 1792 725 1868 evangelicae
748 1793 836 1853 bac
828 1811 859 1852 m
881 1795 943 1853 vita
967 1795 1125 1867 expertes,
1144 1795 1233 1851 certe
1247 1790 1284 1850 de
1301 1791 1434 1849 montis
1426 1807 1458 1848 ιιι

175 1878 317 1938 homiues
344 1879 375 1937 vi
402 1876 677 1954 defunctorumque
705 1885 788 1939 statu
816 1886 847 1939 et
869 1877 1064 1938 facultatibus
1082 1875 1231 1954 judicium
1257 1881 1383 1953 recepta
1407 1875 1459 1972 iiia

176 1965 432 2040 interpretatione
448 1981 560 2041 magna
574 1981 611 2024 ιιι
626 1969 714 2041 parte
729 1965 900 2026 immutabit
887 1971 947 2024 t.ur

261 2049 367 2111 Omnis
391 2047 430 2111 iis
451 2052 616 2110 versatur'
608 2067 640 2110 m
655 2050 739 2111 Petri
754 2053 906 2112 sententia
921 2053 1007 2111 recte
1025 2047 1228 2126 intelligenda.
1257 2047 1364 2125 Neque
1380 2048 1459 2117 bane

176 2137 248 2198 iicet
270 2137 455 2213 interposita
476 2136 624 2196 icrmuiae
648 2138 783 2213 cujusvis
811 2137 1039 2198 ecclesiasticae
1067 2138 1251 2196 auctoritate
1279 2133 1459 2211 praecidere

177 2239 277 2300 eoque
300 2223 469 2299 simplicem
492 2221 659 2282 verborum
674 2223 864 2284 intellectum
878 2229 1001 2284 vertere
1021 2240 1081 2299 quc
1100 2221 1221 2282 duxerit
1233 2224 1460 2298 praeoccupata
1486 2265 1489 2270 .

176 2308 216 2370 de
239 2306 300 2367 ullo
324 2306 466 2384 dogmate
489 2309 602 2385 opinio.
640 2306 707 2369 Non
731 2312 828 2385 magis
851 2315 954 2370 antem
977 2309 1048 2369 olim
1071 2309 1186 2386 ingenii
1204 2310 1300 2367 aciem
1317 2323 1459 2369 occaeca-

177 2397 258 2457 verit
272 2392 429 2455 doctrinae
452 2393 489 2454 de
513 2399 704 2455 mortuorum
727 2400 808 2456 statu
832 2394 1088 2457 immutabilit
1034 2412 1073 2454 an
1075 2396 1204 2472 tiquitus
1220 2391 1314 2454 tradit
1301 2399 1351 2454 tae
1371 2395 1460 2455 obse

176 2483 296 2559 ιιιιιιιιιι
306 2483 337 2539 ιι
359 2479 508 2550 studium,
540 2498 632 2556 quam
648 2499 729 2542 nunc
752 2500 825 2560 spes
848 2483 898 2543 illa
921 2479 1160 2559 amplificandi
1152 2481 1251 2557 ipsius
1278 2480 1361 2540 Ριι
1323 2486 1363 2540 trr
1391 2496 1460 2556 per·

177 2568 276 2628 missu
297 2567 511 2627 conversionis
535 2568 626 2643 spatii
649 2568 696 2627 vel
719 2571 810 2631 etiam
834 2567 997 2630 scivendae
1021 2567 1102 2628 iliius
1125 2566 1162 2628 de
1186 2565 1344 2666 gentilium
1360 2566 1460 2638 salute

176 2654 369 2731 quaestionis
392 2652 634 2713 obscurissimae
657 2637 873 2717 nonnullorum
893 2660 1012 2715 mentes
1034 2652 1154 2716 alliciat.
1192 2654 1302 2727 Quin
1295 2654 1335 2728 rgi
1338 2658 1389 2712 tur
1338 2651 1460 2712 tdc·
1578 2674 1581 2682 ¹

176 2754 240 2801 nuo
263 2739 334 2801 sine
353 2736 415 2799 ullc
438 2741 570 2816 partium
593 2739 696 2800 studio
718 2740 803 2800 Petri
824 2741 924 2802 iocum
948 2742 1164 2804 examinamus
1199 2740 1344 2800 Fortasse
1368 2755 1460 2839 quam

177 2827 368 2902 interpretes
391 2826 583 2885 recentiores
606 2830 724 2886 tantum
746 2844 808 2887 nou
831 2845 939 2888 omnes
962 2827 1129 2888 deseruere
1159 2826 1196 2886 de
1220 2825 1373 2886 descensu
1395 2826 1459 2902 cpi·

178 2912 318 2981 ιιιιιιιιιι,
341 2911 515 2970 innotuisse
538 2911 656 2992 scilicet
676 2929 733 2989 per
755 2931 826 2973 eum
836 2913 920 2990 apud
937 2913 1054 2973 inferos
1073 2903 1365 2973 victoriam‘Christi
1384 2926 1460 2973 sene

179 2996 217 3057 ad
233 2994 432 3057 sanciendum
449 3012 556 3058 eorum
575 2998 759 3074 supplicium
778 3001 830 3076 qui
847 2999 938 3060 fldem
951 2999 1139 3076 denegantes
1151 2999 1216 3059 Dec
1229 3000 1343 3059 mortui
1354 3001 1461 3059 esseut

179 3116 221 3129 -
242 3083 379 3143 fortasse
401 3084 526 3158 inquam
549 3083 597 3145 ilia
621 3101 682 3144 nou
704 3085 794 3162 piane
812 3088 985 3146 inveniatur
1001 3084 1147 3145 destituta
1161 3084 1246 3145 Petri
1263 3086 1457 3144 auctoritate.

180 3168 299 3231 ιιιιιιιιιι
321 3184 401 3245 quae
424 3169 493 3245 ipsc
516 3167 567 3229 illc
591 3170 658 3231 locc
682 3170 839 3248 leguntur,
863 3174 912 3235 rix
935 3188 1068 3248 unquam
1083 3189 1140 3248 per
1161 3187 1196 3230 se
1218 3173 1460 3231 commovissent

178 3256 365 3331 interpretes
388 3261 423 3314 ut
446 3272 514 3315 cum
537 3261 621 3316 tanta
641 3273 700 3333 qua
715 3258 785 3318 fieri
800 3257 879 3318 solet
900 3258 1011 3318 fidncia
1026 3257 1218 3334 evangelium
1238 3259 1320 3317 iuter
1342 3257 1460 3317 interos

178 3339 388 3420 praedicatum
411 3357 484 3402 esse
501 3345 688 3414 statuerent,
706 3345 766 3415 uisi
788 3362 867 3422 quae
890 3344 991 3423 paullo
1010 3344 1089 3403 inira
1105 3334 1280 3421 sequuntur
1293 3343 1389 3404 verba
1406 3343 1460 3403 dii·
1534 3342 1536 3346 ”

131 3505 133 3508 y
177 3427 311 3489 ιιιιιιιιιιι
333 3425 398 3502 (iv,
423 3429 460 3503 6)
482 3443 646 3505 perperam
670 3430 825 3491 inteliecta
846 3432 908 3492 buc
931 3428 1120 3493 retulissent.
1161 3431 1206 3491 De
1228 3434 1363 3508 utroque
1385 3447 1460 3492 vero

92 3580 95 3585 .
178 3514 246 3575 icco
273 3528 344 3573 cum
366 3518 452 3575 recte
473 3513 606 3590 judicari
634 3522 768 3592 nequeat
796 3519 856 3578 nisi
884 3524 954 3578 ante
983 3519 1086 3577 carcia
1110 3520 1273 3577 contentus
1302 3519 1460 3593 totiusque

177 3598 328 3677 epistolae
343 3605 557 3674 argumentum
573 3600 670 3676 probe
684 3609 849 3680 perspecta
864 3605 993 3674 fuerint,
1007 3605 1138 3679 primum
1153 3619 1362 3681 proponamus
1378 3619 1460 3663 sum-

179 3700 261 3747 nam
276 3701 385 3746 eorum
400 3702 480 3762 quae
496 3685 683 3748 antecedunt
700 3689 802 3750 iocum
815 3696 972 3761 nostrum,
989 3690 1118 3767 reliquis
1133 3691 1214 3750 iufra
1232 3688 1373 3765 adjectis,
1397 3690 1462 3747 cm-'

179 3769 273 3833 nibus
286 3777 389 3833 autem
411 3773 450 3834 iis
473 3774 550 3833 locis
573 3774 625 3849 qui
649 3773 686 3833 ad
701 3781 840 3837 nostrum
863 3775 1074 3854 explicandum
1093 3778 1195 3838 iacere
1210 3774 1354 3839 videntur
1368 3774 1459 3852 paulo

179 3858 352 3919 accuratius
375 3859 554 3935 exploratis.
