3210 5228
346 292 388 356 Μ
860 294 968 353 lPsrn.
981 295 1033 365 Ill,
1053 294 1104 354 19.

349 462 534 532 declararet,
558 476 584 524 e.
604 477 630 525 c.
652 467 718 532 τοῖς
740 465 795 520 νῦν
817 457 849 522 ἐν
866 464 990 543 φυλακῇ
1013 457 1200 537 πνεύμασι·
1226 461 1313 536 Quod
1335 464 1409 543 [cnm
1431 478 1493 522 non
1515 462 1597 522 iactu

351 551 401 621 sit,
413 548 504 609 debet
515 553 622 624 aperte
633 550 783 625 temporis
795 549 944 624 particula
961 550 1168 626 participio
1185 548 1329 608 cuidam
1348 547 1551 624 subjuncto
1569 566 1605 606 ar

350 634 517 695 haerens
540 648 602 693 non
625 634 722 695 cnivis
746 636 896 694 enuntiati
920 634 1057 695 membro
1080 634 1258 711 particulari
1282 633 1336 694 sed
1360 634 1457 694 verbo
1484 636 1599 695 enunti

351 721 437 781 linito
460 722 552 797 eique
575 735 692 779 summa
717 722 748 779 vi
770 719 909 797 praedito
932 722 1074 798 opposita
1104 719 1219 780 baberi.
1269 719 1385 794 Quodsi
1416 723 1473 780 ita·
1486 736 1600 798 appare

349 806 621 884 praedicationem,
653 808 704 867 cni
732 805 896 884 aliquando
919 805 1102 883 obsequium
1133 805 1384 883 denegavissent
1414 807 1514 867 fuisse
1544 805 1601 866 alia

350 900 444 970 atque
468 908 536 953 eam
559 908 650 969 quam
674 909 690 950 a
714 891 838 953 Christo
862 893 984 953 allatam
1007 891 1097 952 docet
1118 909 1230 953 versus
1260 893 1541 968 undevigesimuss
1560 910 1605 952 sa

351 984 451 1039 restat
473 979 529 1038 alia
553 994 614 1037 non
630 979 730 1038 minor
751 977 930 1049 difficultas,
952 996 1011 1055 qna
1035 980 1219 1038 sententiam
1240 979 1381 1039 laborare
1403 985 1492 1039 acute
1508 995 1594 1057 pers

277 1099 282 1105 ·
350 1067 395 1124 xit
416 1065 648 1136 Hoimannus‚²
673 1080 751 1140 qnae
782 1071 883 1124 tamen
913 1070 947 1124 ut
970 1064 1052 1125 salva
1079 1071 1143 1125 tam
1167 1067 1363 1140 grammatica
1392 1081 1483 1141 quam
1511 1065 1603 1141 dogm

351 1153 410 1212 tica
433 1167 541 1211 norma
563 1150 702 1222 tollatur,
732 1148 762 1209 id
791 1151 891 1227 ipsum
920 1152 980 1211 erit
1002 1150 1186 1210 enitendum.
1231 1150 1308 1212 Nam
1331 1150 1482 1211 aliorum²
1506 1149 1585 1228 expli

297 1233 301 1244 '
351 1239 438 1298 tione
461 1235 641 1307 refutanda,
666 1237 718 1312 qui
741 1233 884 1315 φυλακήν
907 1236 944 1295 de
969 1241 1052 1297 statu
1074 1238 1167 1296 animi
1189 1237 1237 1296 vel
1261 1236 1419 1312 gentilium
1442 1236 1602 1297 velJudae

353 1341 421 1383 rum
436 1322 664 1401 praedicatione
677 1322 889 1399 apostolorum
900 1321 1092 1383 emendando
1104 1322 1287 1398 intelligunt,
1301 1322 1508 1400 supersedere
1524 1322 1602 1383 liceb

436 1407 568 1470 Proinde
591 1407 754 1471 redeamus
777 1407 814 1467 ad
838 1425 905 1468 eam
928 1425 1019 1484 quam
1042 1407 1183 1485 plerique
1211 1411 1399 1486 interpretes
1425 1414 1554 1469 tuentur
1576 1409 1599 1468 1·

353 1496 585 1574 explicationem
612 1493 650 1554 de
679 1495 756 1555 reali
780 1494 894 1554 Christi
923 1493 959 1552 ad
988 1495 1105 1554 inferos
1129 1496 1296 1565 descensu,
1326 1497 1415 1571 cujus
1446 1495 1571 1555 modum

352 1584 444 1643 linem
468 1598 524 1658 age
542 1583 608 1658 jam
627 1583 801 1641 accuratius
820 1578 989 1640 secundum
1008 1581 1140 1657 apostoli
1155 1580 1249 1641 verba
1269 1581 1464 1658 explicemus.
1500 1581 1583 1640 Prim
1603 1624 1605 1633 «

351 1671 461 1745 igitur,
485 1666 568 1744 quod
590 1666 732 1727 Christus
755 1669 853 1727 anima
878 1668 910 1725 in
934 1668 1074 1743 corporis
1103 1668 1348 1727 communionem
1376 1665 1499 1727 redacta
1532 1668 1601 1742 egis

352 1756 498 1824 retertur,
513 1760 561 1814 est
573 1749 701 1834 κηρύξαι
713 1751 966 1830 praedicasse
980 1751 1010 1812 id
1023 1752 1112 1829 qnod
1125 1754 1224 1829 magis
1237 1752 1417 1831 explanatur
1434 1753 1555 1830 adjecto
1566 1770 1599 1830 p:

353 1842 459 1918 ticipio
482 1839 654 1918 πορευθείς.
688 1839 772 1912 Quae
796 1838 919 1916 quidem
935 1857 1008 1899 num
1026 1840 1068 1898 ita
1084 1840 1164 1898 facta
1182 1855 1252 1898 esse
1272 1839 1412 1899 dicantur
1428 1838 1465 1898 ab
1484 1844 1605 1916 aposto

352 1933 388 1988 ut
409 1927 556 1987 continuo
579 1941 681 2001 neque
704 1924 764 1984 ulla
792 1927 906 1985 aliare
929 1928 1112 2002 interposita
1141 1931 1327 2002 sequeretur
1357 1924 1527 1985 descensus
1554 1927 1586 1986 vi

350 2014 593 2081 restitutionem,
618 2010 743 2071 disertis
767 2011 870 2071 verbis
895 2010 1060 2071 indicatum
1084 2028 1145 2071 non
1168 2018 1225 2071 est.
1276 2010 1385 2088 Neque
1407 2027 1575 2088 possumus

355 2100 501 2161 assentiri
524 2099 577 2174 qui
598 2099 859 2157 resurrectionem
889 2098 968 2157 infra
997 2102 1265 2157 commemoratam
1290 2098 1366 2174 (21)
1389 2104 1535 2174 tanquam
1563 2096 1605 2156 al

353 2191 516 2262 rumpuat
546 2183 729 2243 descensum
760 2183 876 2259 gloriae
905 2188 1106 2258 recuperatae
1135 2183 1263 2259 gradum
1292 2184 1329 2243 ab
1358 2184 1499 2260 apostolo
1531 2185 1605 2244 affe

352 2275 471 2351 putent.
506 2269 646 2347 Respicit
667 2270 749 2329 enim
771 2267 843 2327 illud
868 2264 905 2326 δι’
928 2263 1128 2339 ἀναστάσεως
1150 2268 1186 2328 ad
1210 2270 1403 2345 participium
1419 2268 1596 2346 ζωσπσιηθε

352 2372 453 2436 neque
477 2356 534 2415 alia
557 2357 639 2417 inest
658 2372 749 2431 quam
772 2355 852 2413 vitae
875 2361 1079 2433 recuperatae
1102 2358 1197 2415 notio.
1238 2355 1366 2415 Videtur
1386 2372 1461 2415 sane
1485 2355 1596 2432 quaed

353 2442 544 2521 singulorum
559 2446 681 2503 actuum
695 2442 936 2500 continuitas
955 2441 1123 2516 significari
1134 2442 1303 2518 participiis
1324 2440 1422 2501 altero
1435 2441 1565 2501 alterum
1584 2458 1602 2501 e

353 2527 547 2608 cipiantibus.
581 2527 707 2586 Accedit
729 2525 811 2603 quod
836 2520 1000 2605 κηρύσσειν
1024 2525 1166 2587 absolute
1186 2529 1260 2604 poni
1283 2544 1344 2587 non
1368 2532 1439 2604 apte
1457 2529 1558 2603 potuit
1575 2544 1597 2587 n

356 2632 435 2694 quae
458 2612 549 2674 modo
571 2614 650 2672 faeta
669 2619 985 2673 commemorarentur
998 2611 1104 2673 eadem
1123 2616 1227 2673 statim
1247 2615 1385 2673 nuntiata
1411 2616 1586 2674 rel'errentu

438 2697 515 2773 Quid
539 2701 620 2759 enim
642 2698 845 2775 praedicasse
869 2698 987 2759 dicatur
1010 2697 1038 2763 b.
1054 2699 1071 2758 l.
1097 2698 1239 2759 Christus
1262 2716 1331 2760 cum
1355 2699 1554 2759 acerbissime
1578 2699 1599 2758 li

353 2791 459 2864 geter,
485 2802 597 2845 nexum
621 2802 690 2845 curn
709 2784 963 2845 antecedentibus
982 2787 1189 2845 arctissimum
1209 2786 1348 2863 plerique
1366 2802 1429 2844 non
1447 2788 1523 2844 satis
1543 2787 1593 2845 ani

356 2872 528 2933 advertisse
557 2870 709 2931 videntur.
755 2872 863 2930 Vivum
892 2888 927 2930 se
958 2887 1031 2931 esse
1060 2877 1091 2930 et
1119 2871 1263 2931 reducem
1287 2872 1470 2942 emortuis,
1499 2871 1558 2931 boc
1584 2888 1601 2930 a

353 2961 549 3019 nuntiaturus
572 2956 647 3017 abiit
669 2957 824 3028 Christus,
848 2960 980 3033 primum
1002 2951 1174 3032 πνεύμασιν
1203 2962 1238 3016 nt
1263 2957 1376 3034 quibus
1402 2959 1541 3032 proxime
1566 2959 1603 3034 jd

352 3049 422 3105 ctus
445 3048 512 3104 erat
533 3046 601 3120 ipse
620 3045 684 3120 jam
708 3040 858 3116 σνεύμαιι
881 3050 1034 3114 versatus,
1060 3042 1170 3103 deinde
1193 3042 1384 3114 bominibus,
1409 3042 1565 3103 coelorum
1585 3043 1604 3103 d

353 3133 448 3208 nique
470 3130 594 3206 angelis.
641 3134 756 3207 Aperte
779 3129 861 3189 istud
891 3116 970 3210 ἐνῷ
999 3145 1061 3189 non
1089 3145 1157 3188 cum
1187 3132 1348 3205 participio
1377 3129 1542 3207 πορευθείς
1570 3147 1600 3190 s·

356 3218 563 3288 construitur3
585 3218 678 3276 immo
701 3232 771 3276 cnm
793 3211 936 3293 ἐκήρυξεν
959 3215 1049 3275 simul
1066 3215 1258 3292 pungendum
1281 3232 1352 3275 esse
1379 3214 1454 3275 ordo
1470 3216 1585 3277 verbor

356 3302 525 3362 clarissime
557 3300 755 3363 demonstrat.
804 3299 879 3360 Nam
903 3318 964 3367 ‚cur
992 3317 1055 3360 non
1083 3297 1099 3360 ὅ
1129 3308 1259 3378 poneret
1289 3302 1465 3378 apostolus,
1495 3294 1554 3362 boc

356 3403 483 3457 causae,
507 3387 589 3465 qnod
612 3405 674 3465 quo
697 3392 780 3448 statu
803 3387 972 3463 habituque
995 3392 1085 3446 utens
1098 3386 1241 3447 Christus
1259 3386 1473 3448 descendisset
1495 3395 1527 3448 et
1548 3404 1596 3466 pr

422 3526 445 3577 1.
465 3522 510 3577 ll.
530 3538 555 3589 p.
568 3523 630 3574 337:
650 3523 704 3583 „So
722 3523 812 3573 leiitlen
829 3525 878 3572 wir
895 3523 944 3573 den
959 3525 1098 3575 seltsamen
1116 3524 1190 3585 vall,
1210 3524 1271 3574 dass
1290 3524 1465 3592 Unyeltoraam
1482 3540 1564 3590 yepes
1580 3526 1604 3575 ι’

352 3595 424 3645 aicbt
441 3594 606 3643 benenate
623 3590 729 3654 [retbere
744 3591 945 3659 Verlrr'indipuay
961 3593 1001 3643 uls
1018 3594 1064 3643 cler
1076 3593 1166 3643 Grusd
1184 3592 1429 3653 hebdodomadae,
1446 3608 1545 3643 waram
1558 3592 1603 3643 ibn

349 3665 418 3726 jerat
435 3661 571 3730 qeprediqt
589 3659 706 3720 worden,
726 3660 852 3710 melbranc!
873 3678 922 3711 con
941 3663 996 3712 dam
1015 3662 1138 3727 Erfolpe,
1159 3661 1207 3711 den
1226 3662 1296 3711 diere
1312 3665 1412 3730 jetaiqe
1437 3660 1602 3727 Verkrindr'qa

353 3732 432 3782 selbot
450 3732 488 3782 bei
505 3731 584 3780 iberes
601 3729 773 3794 petebatur,
793 3731 878 3779 πίσσια
898 3748 929 3781 su
943 3732 1019 3782 lesen
1037 3732 1158 3781 rtdnde.“

419 3802 443 3851 2.
463 3797 598 3868 Sociniaoi
615 3803 642 3847 et
659 3795 817 3848 timiniani:
837 3795 941 3849 Grotius
959 3805 985 3849 et
1003 3797 1056 3851 alii.
1094 3798 1223 3849 Lutberus
1249 3800 1326 3851 ctiam
1350 3801 1377 3850 in
1396 3800 1583 3850 commentario

352 3883 411 3935 epp.
430 3867 501 3919 Petri
520 3867 566 3921 cir.
587 3880 665 3932 supra
683 3881 709 3932 p.
724 3866 747 3917 2.

421 3938 444 3990 3.
465 3933 665 3988 Goncedeudum
685 3938 725 3985 est
744 3949 775 3985 ex
794 3933 864 3986 Petri
882 3934 941 3986 loco
961 3965 993 3973 —
1018 3950 1102 4003 neque
1123 3933 1233 3986 viderim
1254 3949 1285 3986 ex
1304 3951 1356 4003 qno
1380 3937 1525 4003 scripturae
1544 3949 1603 3986 sacr

355 4005 407 4056 alio
426 4034 458 4042 -
477 4005 541 4057 nibil
561 4005 625 4056 certi
644 4002 767 4055 concludi
786 4003 866 4054 licere
885 4010 970 4055 utrum
990 4010 1050 4056 aute
1068 4019 1100 4055 an
1116 4011 1177 4070 post
1191 4006 1411 4057 resurrectionem
1428 4003 1579 4056 bominibus
1600 4027 1604 4047 ν

355 4075 476 4126 claratam
490 4075 607 4126 Christus
627 4071 662 4124 ad
678 4073 778 4125 inferos
796 4072 970 4125 descenderit.
994 4073 1116 4125 Proxime
1136 4088 1198 4126 vero
1217 4089 1231 4124 a
1250 4077 1361 4126 veritate
1380 4073 1484 4126 videtur
1500 4073 1579 4125 docto

352 4152 500 4195 nostrorum
517 4143 646 4194 sententia
663 4143 756 4193 abesse
773 4142 818 4209 qui
835 4140 901 4192 illud
914 4157 972 4191 cum
986 4143 1077 4193 inieris
1091 4144 1276 4194 commercium
1288 4144 1411 4209 tempori,
1430 4142 1500 4211 quod
1517 4144 1593 4210 provi

352 4210 519 4264 antecederet
537 4212 647 4262 reditum
663 4211 756 4262 Christi
775 4210 807 4262 ad
828 4211 906 4275 hujus
925 4210 1014 4261 mundi
1032 4212 1133 4272 lucem,
1155 4211 1368 4272 vindicaverunt,
1388 4213 1501 4280 ideoque
1520 4210 1605 4263 vivifi

351 4285 450 4333 tionem
470 4294 547 4347 quam
566 4280 656 4331 dicunt
672 4288 790 4348 tempore
808 4281 886 4331 etiam
905 4280 1070 4347 distinguunt
1087 4282 1119 4332 ab
1138 4283 1182 4332 illa
1201 4283 1286 4349 signis
1305 4282 1383 4332 certis
1402 4283 1531 4347 patefacta
1550 4295 1594 4334 res

353 4352 480 4403 rectione.
516 4348 638 4399 Proiecto
657 4355 743 4401 autern
763 4350 811 4401 hac
830 4350 856 4400 in
876 4364 903 4400 re
923 4357 994 4400 recte
1012 4350 1279 4402 intellexeruntPetri
1299 4356 1425 4410 mentem,
1445 4348 1515 4418 quod
1533 4349 1603 4417 glori

351 4419 476 4487 gradibus
499 4416 704 4469 adnumerabant
730 4419 901 4479 descensum,
934 4434 1011 4486 qnam
1036 4422 1191 4472 senteutiam
1216 4420 1295 4470 miror
1318 4416 1493 4470 Holmannum
1520 4419 1587 4471 blisn

351 4504 407 4541 sem
433 4486 595 4553 (symbolik,
616 4486 810 4554 Leipzi91857
832 4503 857 4555 p.
874 4491 923 4542 307
943 4495 996 4540 aot.
1012 4489 1052 4552 7)'
1069 4491 1217 4556 nuperrime
1243 4487 1294 4552 ipsi
1319 4485 1447 4538 termulae
1472 4488 1600 4540 concordi

352 4558 479 4624 derogare
497 4560 619 4607 cariatum
639 4568 713 4615 esse,
732 4571 790 4607 cum
815 4558 842 4607 in
866 4559 898 4608 iis
923 4558 990 4609 locis
1015 4561 1042 4609 in
1061 4561 1157 4625 quibus
1175 4554 1284 4607 offendit
1307 4556 1348 4606 vir
1370 4555 1464 4608 doctus
1484 4560 1553 4620 (608.
1570 4561 1598 4610 ⁷³

352 4633 441 4694 aperte
465 4641 516 4677 non
537 4623 634 4690 singuli
652 4632 839 4677 recenseantur
856 4627 956 4692 gloriae
975 4625 1084 4694 gradus,
1102 4625 1150 4679 sed
1168 4625 1212 4691 qui
1230 4624 1266 4675 sit
1283 4623 1423 4691 glorificati
1443 4632 1526 4678 status
1544 4627 1604 4679 exl

354 4696 531 4749 culentissimo
551 4692 708 4744 documento
723 4692 864 4758 judicetur.
