3210 5228
207 328 245 390 li
324 291 330 301 x
498 340 516 397 y
714 325 822 384 le.
840 325 891 395 ΙΙΙ,
911 327 959 384 ΙΙ.
1060 390 1068 401 s

203 492 400 558 concentus¹
448 487 601 572 Μακάριοι
625 486 654 550 oi
681 488 876 570 δεδιωγμένοι
898 488 1229 571 i'raaav'draucocairqr,
1255 491 1272 554 ὃ
1280 515 1316 554 τι
1345 492 1476 557 αὐτῶν

203 580 307 643 ἐστιν
327 576 348 659 ἣ
369 575 547 656 devalata
565 579 637 638 τῶν
658 573 848 657 οὐρανῶν,
872 580 1006 638 omnium
1024 579 1165 654 prolecto
1184 579 1430 642 Christianorum
1443 585 1476 643 in

204 685 259 729 ore
276 674 308 727 et
321 665 414 727 corde
431 670 519 725 erant
536 663 628 724 verba
646 662 909 740 praeclarissima,
922 665 1015 724 Petro
1032 668 1135 725 autem
1150 666 1210 725 boc
1226 666 1295 727 loco
1315 684 1353 729 eo
1377 669 1475 744 magis

203 756 236 815 in
252 757 410 832 promptu,
434 767 496 829 quo
511 751 626 810 arctius
641 749 847 810 cohaererent
868 768 936 810 cum
959 751 1019 811 illis
1033 767 1166 827 quorum
1182 755 1362 813 memoriam
1380 770 1475 815 uersu

202 856 285 901 nono
313 838 514 899 antecedente
542 836 737 897 recoluisset.
788 836 874 897 Istud
900 833 1046 915 μακάριοι
1082 855 1150 899 cum
1180 856 1329 900 summam
1359 838 1476 902 Christi

200 928 300 1004 ipsius
326 923 565 1003 promissionem
591 921 666 982 nulli
692 940 753 982 non
783 924 814 982 iu
844 925 1021 984 memoriam
1044 930 1219 995 revocaret,
1248 943 1340 1002 quarn
1364 926 1472 1003 jejuna

178 1014 316 1079 ‚fuisset
341 1029 377 1072 ac
403 1008 514 1088 frigida
536 1008 705 1069 consolatio
729 1008 911 1070 Christianis
941 1010 973 1069 in
1000 1014 1047 1069 tot
1074 1012 1231 1087 tantisque
1259 1011 1474 1073 vexationibus

203 1100 380 1160 constitutis
402 1096 507 1158 sibae
529 1100 694 1156 verborum
716 1096 867 1170 gravitate
889 1094 931 1154 nil
954 1097 1013 1156 nisi
1028 1095 1250 1157 beatitudinem
1266 1099 1474 1159 conscientiae

203 1191 280 1247 recti
301 1183 506 1263 praedicatam
528 1181 696 1245 audissent.
733 1180 793 1242 Sed
817 1186 970 1258 repugnat
990 1183 1056 1259 ipse
1081 1184 1173 1243 etiarn
1195 1199 1292 1244 nexus
1307 1186 1475 1246 senteutia-

203 1288 272 1333 rum
301 1272 361 1336 loci
390 1271 497 1330 nostri.
539 1269 572 1328 lu
596 1266 848 1329 antecedentibus
870 1273 1034 1345 postquam
1057 1267 1190 1329 lectores
1213 1268 1306 1329 divini
1328 1270 1474 1346 praesidii

203 1359 355 1420 certiores
376 1356 450 1416 laeti
464 1354 502 1414 ab
524 1357 606 1415 omni
630 1353 732 1415 damni
753 1357 864 1414 timore
887 1353 1008 1414 hberati
1029 1362 1114 1426 sunt,
1137 1356 1332 1416 vexationum
1355 1359 1475 1434 pericu-

205 1444 267 1506 lum
289 1449 392 1504 tamur
414 1442 578 1502 imminens
600 1440 660 1501 illis
683 1441 721 1500 ab
739 1439 879 1516 apostolo
902 1442 972 1517 ipso
988 1456 1050 1500 non
1067 1443 1168 1518 potuit
1185 1445 1255 1502 ante
1274 1441 1380 1503 oculos
1400 1445 1475 1519 poni

205 1531 265 1591 nisi
287 1533 343 1602 ita,
373 1535 408 1590 ut
429 1545 498 1589 oum
521 1527 764 1588 Christianorum
788 1543 880 1603 spes
903 1528 941 1585 in
963 1527 1039 1586 Deo
1061 1529 1250 1605 reposita,
1281 1546 1360 1606 quae
1382 1528 1474 1591 modo

204 1616 383 1676 confirmata
406 1618 504 1686 esset,
529 1631 592 1675 non
614 1614 861 1683 imminueretur,
885 1618 950 1672 tum
965 1612 1022 1672 Dei
1043 1630 1149 1673 rerum
1163 1613 1406 1675 Christianarum
1421 1633 1475 1691 gu·

203 1701 344 1764 bernatio
368 1702 406 1761 ab
429 1704 513 1762 omni
535 1700 706 1777 iniquitatis
729 1703 834 1776 specie
858 1698 1075 1759 vindicaretur.
1110 1698 1244 1759 Proinde
1267 1702 1313 1760 sic
1333 1701 1475 1779 procedit

203 1791 304 1850 oratio
326 1793 361 1848 ut
383 1787 531 1865 quaedam
553 1787 585 1846 in
606 1785 657 1846 his
679 1785 799 1847 duobus
822 1786 965 1847 versibus
981 1787 1144 1863 conspicua
1169 1788 1211 1846 sit
1224 1785 1392 1862 gradatio.2
1413 1789 1473 1848 hu-

199 1875 359 1953 teponitur
378 1879 521 1951 tanquam
535 1874 589 1949 jus
607 1870 760 1949 quoddam
775 1872 1017 1933 Christianorum
1037 1873 1194 1969 proprium
1214 1877 1246 1932 et
1263 1874 1471 1950 praecipuum,

201 1965 338 2023 sanctam
362 1963 500 2039 ipsorum
523 1962 615 2020 vitam
638 1958 712 2019 nulli
734 1960 857 2019 omnino
877 1958 1041 2018 obnoxiam
1058 1975 1130 2019 esse
1147 1958 1271 2030 damno,
1294 1976 1374 2036 quae
1397 1976 1472 2021 vero

201 2059 330 2125 propter
345 2046 430 2107 ‘hanc
452 2049 551 2124 ipsam
573 2047 612 2105 iis
638 2050 785 2122 parentur
808 2047 1002 2116 vexationes,
1030 2049 1148 2104 tantum
1176 2044 1288 2106 abesse
1315 2050 1351 2105 ut
1378 2044 1472 2107 bene·

161 2134 304 2210 ‚delum
322 2133 394 2195 illud
417 2132 553 2194 divinum
575 2132 696 2192 irritum
717 2131 861 2201 reddant,
885 2134 920 2189 ut
942 2132 1010 2207 spei
1032 2129 1128 2191 multo.
1150 2133 1242 2191 etiarn
1263 2132 1389 2208 majoris
1406 2149 1472 2193 cer·

201 2221 298 2280 tiores
322 2224 354 2280 et
375 2218 412 2279 ad
440 2216 667 2296 adipiscendam
697 2217 777 2295 illam
806 2213 945 2295 εὐλογίαν
974 2218 1072 2293 magis
1101 2222 1227 2293 paratos
1249 2217 1363 2279 iaciant
1385 2217 1471 2280 curi-

200 2308 346 2372 atiauos.·
373 2304 420 2365 Ad
442 2305 519 2365 hanc
542 2305 623 2364 enim
641 2301 819 2381 ablegamur
845 2301 940 2363 verbo
966 2298 1126 2382 μακάριοι,
1156 2302 1239 2379 quod
1267 2305 1369 2380 ipsum
1396 2304 1472 2365 nihil

200 2391 281 2452 aliud
304 2397 353 2453 est
374 2393 434 2452 nisi
455 2408 514 2451 vox
536 2388 686 2467 quaedam
708 2385 854 2468 εὐλογίας,
885 2388 1127 2466 Ahleganrurad
1143 2389 1225 2449 illam
1244 2406 1335 2467 mam
1353 2391 1385 2451 in
1400 2407 1471 2468 pro-
1543 2407 1545 2412 ·

198 2477 270 2556 logo
292 2477 448 2556 praedicat
470 2477 628 2554 apostolus
650 2475 852 2536 hereditatem
878 2476 909 2535 in
932 2474 1019 2536 coelo
1041 2475 1210 2553 repositam
1234 2475 1276 2554 (l,
1300 2475 1355 2552 4),
1379 2494 1471 2554 quam

198 2565 467 2643 quiadipiscatur
494 2562 605 2639 dignus
631 2578 693 2623 non
720 2567 896 2640 praestetur
924 2562 984 2622 nisi
1018 2560 1241 2622 calamitatibus
1270 2560 1308 2622 ad
1327 2563 1392 2623 'bei
1416 2579 1471 2624 ro·

87 2654 93 2666 ⁸
198 2645 346 2713 luntatem
368 2647 576 2727 perpetiendis
606 2649 654 2724 (6.
680 2648 726 2725 7).
776 2647 862 2723 Quod
891 2647 986 2720 idem,
1015 2666 1054 2708 ne
1082 2647 1247 2725 quidquam
1274 2648 1469 2725 relinquatur

198 2735 413 2808 dubitationis,
440 2736 518 2796 iufra
542 2737 583 2795 ita
605 2734 768 2807 recolitur,
797 2740 832 2795 ut
854 2734 1014 2812 apostolus
1042 2734 1168 2795 disertis
1193 2735 1297 2795 verbis
1325 2735 1469 2812 gaudium

196 2824 372 2900 praeclarae
386 2822 629 2883 Christianorum
639 2819 742 2882 ‘sortis
758 2823 897 2900 proxime
912 2821 1034 2881 futurae
1050 2822 1118 2898 ipso
1136 2820 1232 2881 verbo
1250 2815 1404 2901 μακάριος
1420 2839 1469 2882 re-

196 2910 294 2985 petito
317 2911 349 2969 in
371 2908 537 2970 lectoribus
558 2909 693 2969 excitare
716 2906 839 2969 studeat
861 2907 934 2986 (IV,
961 2909 1008 2970 13.
1036 2909 1101 2983 14).

195 3030 199 3039 ·
281 2994 369 3057 Nune
385 2995 459 3057 nibil
477 2995 606 3072 amplius
630 2980 871 3056 demonstiatum
896 2993 1046 3059 voluerim
1068 2993 1128 3052 nisi
1149 2992 1221 3065 boc,
1244 2993 1379 3055 lectores
1396 2999 1468 3056 aute

195 3084 279 3143 omni
297 3081 387 3143 modo
412 3081 597 3152 admonitos,
618 3086 654 3141 ut
673 3083 843 3158 patienter,
866 3079 941 3141 nulli
959 3079 1066 3156 culpae
1091 3078 1226 3155 nullique
1246 3081 1469 3158 repugnantiae

195 3167 318 3230 obnoxii
342 3168 588 3229 adversariorum
603 3169 781 3228 vexationes
797 3166 835 3227 ad
852 3165 966 3227 Christi
981 3165 1153 3242 exemplum
1170 3165 1359 3242 perferrent,
1381 3166 1468 3228 inde

195 3253 240 3314 ab
267 3255 327 3314 his
356 3253 537 3315 versibus
567 3255 668 3330 erigi
695 3260 770 3313 tam
792 3252 837 3312 ad
859 3253 1070 3330 praemium
1099 3249 1178 3311 illis
1207 3259 1363 3327 praeter
1384 3269 1467 3314 cae·

193 3343 299 3400 teres
321 3341 563 3422 propositum
580 3340 622 3418 (9.
640 3341 690 3413 14)
708 3355 815 3417 quam
832 3338 874 3398 ad
892 3337 1071 3398 auxilium
1093 3336 1375 3416 vindictamque
1393 3339 1467 3416 jam
1499 3349 1500 3352 ’

193 3430 364 3503 paratam
387 3426 537 3504 (1213).

280 3513 335 3572 Via
362 3513 409 3572 sic
428 3514 548 3572 'munita
571 3511 785 3588 aggrediamur
813 3511 957 3587 proprius
980 3509 1017 3569 ad
1047 3509 1162 3581 locum,
1192 3509 1225 3568 in
1252 3527 1314 3587 quo
1343 3514 1467 3590 praeter

194 3602 335 3659 caeteros
359 3599 500 3676 quaestio
522 3603 630 3659 nostra
651 3603 803 3658 versatur.
847 3600 927 3657 Ante
949 3613 1025 3656 vero
1048 3611 1139 3671 quam
1163 3592 1200 3656 de
1225 3612 1315 3657 versu
1345 3596 1464 3659 decimo

195 3687 327 3762 septimo
353 3684 425 3745 huic
453 3685 627 3745 arctissime
649 3684 814 3761 conjuncto
837 3684 969 3761 agimus,
999 3683 1106 3759 paucis
1130 3680 1168 3742 de
1194 3683 1233 3742 iis
1255 3700 1333 3760 quae
1353 3682 1464 3745 iudea

194 3770 313 3832 decimo
336 3776 446 3850 quarto
468 3769 569 3832 medio
592 3774 765 3847 sequuntur
782 3769 986 3831 absolvamus.
1016 3770 1199 3845 anteposita
1223 3785 1294 3830 esse
1315 3769 1392 3830 haec
1413 3771 1464 3841 ita,

193 3861 228 3918 ut
253 3857 368 3918 diserta
400 3858 485 3917 vocis
512 3852 659 3938 μακάριοι
690 3855 864 3935 explicatio,
885 3854 1062 3915 differretur
1095 3857 1185 3932 eique
1222 3861 1465 3933 anteponeretur

194 3942 276 4021 quod
299 3949 436 4016 caveret,
459 3960 498 4004 ne
526 3945 617 4003 istius
639 3942 793 4003 felicitatis
822 3959 877 4020 spe
905 3942 1071 4002 etiamnum
1100 3940 1276 4002 exciderent
1299 3941 1465 4003 Christiani
1488 3947 1491 3949 ’

192 4042 271 4091 neve
292 4028 467 4108 polluerent
488 4035 573 4090 certe
595 4045 662 4091 rem
685 4045 786 4100 suam,
810 4031 861 4090 vir
880 4028 1043 4105 quisquam
1065 4033 1116 4088 eat
1136 4028 1263 4100 infitias,
1279 4025 1463 4105 quamquam

191 4117 380 4193 interpretes
402 4117 469 4177 iere
489 4133 598 4178 omnes
619 4114 698 4175 hanc
720 4111 843 4194 quoque
866 4114 904 4176 de
925 4120 1071 4175 contextu
1095 4115 1309 4194 quaestionem
1328 4113 1463 4192 relique·

192 4207 266 4263 runt
287 4204 440 4265 intactam.
475 4202 629 4264 Particula
651 4199 687 4262 dd
706 4207 755 4262 ter
776 4203 909 4280 repetita
931 4201 962 4259 in
983 4201 1134 4280 principio
1158 4198 1349 4276 singulorum
1370 4217 1464 4262 mem·

190 4287 318 4350 brorum
345 4289 405 4351 hoe
434 4291 511 4351 satis
534 4287 737 4368 comprobare
761 4287 916 4351 videtur.³
959 4289 1029 4349 Jam
1051 4303 1130 4364 quae
1151 4288 1296 4346 contnuo
1321 4285 1381 4346 hoe
1401 4307 1462 4363 μα-

195 4381 389 4392 ι--ι-..ι--φ-

260 4412 282 4461 l.
302 4407 462 4474 Wiesiuger:
481 4410 539 4470 „die
550 4409 629 4461 Stella
646 4409 681 4458 ist
698 4410 740 4460 ain
759 4409 784 4459 N
789 4408 957 4476 acbltlaa'q
974 4424 1024 4459 oon
1041 4404 1132 4457 Matilo.
1150 4402 1177 4463 V,
1188 4403 1253 4455 102⁶
1280 4401 1357 4470 Fugit
1374 4408 1461 4456 tamen

189 4475 274 4528 virum
293 4475 412 4537 doctum,
434 4475 496 4544 quid
519 4476 570 4529 hoe
594 4475 626 4527 ad
643 4491 668 4530 v.
681 4479 711 4529 ΙΙ
729 4482 801 4529 recte
824 4474 1025 4544 intelligendum
1048 4473 1138 4533 facim,
1159 4471 1206 4523 uhi
1230 4474 1363 4541 apriorati
1381 4492 1462 4538 ,mom

187 4547 287 4609 niratica
306 4546 515 4614 Zutrdplictaa“
533 4544 653 4612 explicat.

258 4617 283 4669 2.
308 4614 420 4683 Bengel:
443 4613 502 4677 „ile
521 4613 572 4666 boc
590 4612 696 4682 quidem
713 4613 793 4667 vitam
815 4615 919 4667 beatam
935 4613 1012 4666 vobis
1036 4609 1134 4670 aufert,
1157 4609 1210 4661 imo
1229 4613 1338 4676 auget.“
1374 4609 1460 4665 Gloss.

190 4682 290 4737 interl:
309 4685 388 4748 „Non
405 4682 491 4739 solum
509 4697 562 4735 non
580 4688 670 4745 nocet,
689 4682 760 4764 qood
778 4697 792 4734 a
811 4683 886 4735 malis
905 4683 1049 4750 irrogatur,
1066 4677 1114 4743 sed
1131 4679 1210 4751 etiam
1227 4675 1362 4746 prodest.“
1442 4712 1446 4718 ·

257 4756 282 4808 3.
307 4753 425 4808 Tertium
443 4754 521 4806 etiarn
540 4749 573 4805 de*
595 4767 654 4805 eum
671 4748 870 4804 'inebeadorllo
893 4748 1035 4819 legendum
1057 4752 1109 4802 est.
1132 4747 1179 4814 lh.
1196 4746 1227 4802 B.
1245 4745 1275 4801 G.
1292 4747 1312 4805 Ι.
1332 4748 1413 4803 (lodd.
1432 4755 1461 4803 et

188 4823 331 4892 pleraeque
348 4823 487 4879 versiones
503 4821 621 4885 habent.)
657 4819 708 4878 Cir.
725 4820 875 4888 Wiesinger
892 4818 925 4872 ad
942 4820 968 4872 h.
981 4818 999 4871 Ι.
