3210 5228
613 333 720 389 lem.
738 334 762 400 ι,
786 330 920 400 ιι-ιι,
941 330 988 387 ιι.
1144 386 1147 395 ,
1179 297 1187 310 Χ
1419 321 1439 383 ’1

163 495 288 557 Christo
311 496 371 572 ipsi
392 494 557 557 accidisset
578 502 695 557 tantum
718 497 828 558 abesse
852 503 886 557 ut
907 498 946 555 iis
971 495 1135 555 offensioni
1156 497 1188 555 ct
1211 490 1439 568 impedimento,

163 585 199 641 ιι
215 581 411 651 incitamento
430 597 503 642 esse
522 581 651 643 deberet
673 585 787 658 spretis
804 581 1027 644 calamitatibus
1047 579 1118 641 inde
1135 577 1273 640 oriundis
1290 576 1329 637 ad
1347 573 1440 637 fidem

164 665 295 729 fideliter
316 665 499 729 amandam
521 668 813 745 criminationesque
842 661 927 729 adeo'
942 667 1205 736 adversariorum,
1228 665 1255 726 si
1276 663 1347 723 heri
1367 678 1440 740 pos·
1528 670 1533 683 ‘

164 757 228 824 set,
249 751 408 814 beneficiis
430 754 611 831 integraque
633 755 695 814 vita
712 753 947 815 convincendas.
978 747 1084 812 Sumta
1102 753 1167 829 jam
1190 767 1207 810 a
1229 749 1344 826 templo
1366 749 1439 809 ima·

164 840 235 914 gine
251 844 355 899 ιιιιιι
375 839 621 901 Christianorum
645 842 781 900 societas
803 840 1004 911 describitur,
1023 839 1140 914 junctis
1158 836 1288 912 siugulis
1305 835 1388 894 inter
1405 850 1441 895 se

164 923 310 1000 utlapldi
331 925 419 1002 lapis.
463 925 548 998 Quae
571 944 666 1002 quum
694 926 774 986 dicta
802 926 865 988 sint
893 927 1023 985 maxime
1045 923 1083 984 ad
1106 924 1320 984 auctoritatem
1343 919 1441 997 digni·

163 1015 317 1086 tutumque
338 1009 412 1071 fidei
435 1011 693 1087 exaggerandam,
717 1029 777 1089 qua
800 1014 865 1073 sola
885 1013 998 1073 lactum
1021 1012 1063 1070 sit
1084 1016 1119 1071 ιι
1133 1010 1255 1070 Christo
1274 1006 1441 1071 Christiani
1536 1059 1542 1065 .

161 1101 306 1173 tauquam
324 1096 442 1173 lapides
464 1095 661 1158 fundamento
684 1098 734 1159 vel
757 1099 896 1178 angulari
917 1095 1009 1174 lapidi
1031 1095 1339 1173 adjungerenturtl.
1356 1093 1384 1154 6.
1398 1092 1439 1168 7),

160 1181 293 1247 eundem
315 1183 615 1254 1ι11ιιιι1ιι1ιιι,
639 1185 670 1244 in
694 1201 785 1261 quem
808 1201 843 1245 ea
867 1201 946 1260 quae
970 1182 1006 1243 de
1030 1181 1276 1243 adversariorum
1299 1176 1440 1239 incredu-

159 1267 245 1328 litate
265 1274 478 1360 opponuntur,
502 1270 614 1345 quibus
637 1269 715 1346 lapis
737 1271 860 1346 positus
882 1270 1029 1329 abeout
1043 1269 1274 1329 fundamentum
1288 1268 1375 1326 esset
1391 1280 1440 1324 sa·

157 1352 246 1427 lutis,
271 1348 437 1416 offensioni
460 1355 554 1414 luerit
577 1361 608 1415 ct
633 1354 743 1416 damno
766 1358 806 1432 (1.
832 1355 874 1431 8).

243 1440 289 1500 hd
311 1440 395 1501 huuc
415 1440 516 1502 locum
538 1440 701 1518 diligenter
723 1441 939 1502 attendendum
963 1444 1027 1510 est,
1052 1442 1079 1500 si
1102 1456 1181 1516 quae
1205 1442 1377 1514 sequuntur
1401 1453 1439 1505 ex

156 1524 240 1587 Petri
262 1531 369 1593 mente
388 1526 528 1587 volumus
552 1527 699 1600 enodare,
730 1527 865 1588 Primum
883 1533 935 1588 ant
922 1527 1045 1588 tithesis
1061 1526 1164 1586 illa-
1182 1517 1242 1584 υπὸ
1260 1519 1439 1603 ἀνθρώπων

47 1625 49 1629 “
157 1609 213 1685 μὲν
236 1607 570 1688 ἀπιδιδικιμασμένιι,
594 1611 678 1691 παρὰ
701 1612 735 1673 (Ιέ
758 1615 823 1693 θεῷ
845 1609 1048 1674 ἐκιικιόν·
1073 1610 1210 1688 eiusdem
1231 1611 1297 1670 fere
1315 1610 1440 1686 generis
1520 1630 1524 1641 ¹

159 1701 216 1770 est,
228 1697 337 1775 quales
353 1715 410 1774 per
425 1703 520 1758 totam
537 1701 699 1776 epistolam
716 1675 890 1760 occurrunt
914 1701 964 1759 Uti
982 1684 1121 1759 hocloco
1136 1694 1294 1772 judicandi
1310 1712 1344 1755 ra
1346 1697 1389 1755 tio
1408 1697 1439 1753 in

157 1800 192 1844 re
211 1783 385 1845 Christiana
407 1783 526 1845 diversa
550 1786 631 1845 inter
654 1785 847 1846 homiueset
834 1786 959 1845 tDeuur
983 1786 1160 1862 opponitur,
1176 1785 1217 1842 ita
1233 1782 1314 1842 infra
1330 1779 1440 1858 agendi

158 1875 190 1929 et
211 1869 333 1931 vivendi
356 1870 416 1947 (lv,
432 1871 462 1931 2.
480 1869 530 1947 6);
553 1878 644 1949 atque
667 1871 748 1948 quod
771 1888 852 1931 nuuc
876 1871 912 1930 de
937 1870 1060 1932 Christo
1082 1870 1228 1929 docemur
1251 1868 1439 1927 calamitates

158 1956 350 2033 iniuriasque
363 1973 440 2032 quas
452 1958 534 2016 inter
545 1957 685 2017 homines
697 1973 866 2043 perpessus
886 1963 971 2018 esset
989 1957 1087 2033 gloria
1103 1973 1159 2031 per
1170 1955 1269 2015 Deum
1287 1953 1441 2015 collatam

159 2042 228 2118 ipso
240 2043 373 2103 relectas
388 2058 469 2113 esse,
484 2042 564 2101 idern
578 2042 686 2104 deinde
698 2032 907 2105 Christianisl
905 2050 1030 2103 uturum
1044 2060 1115 2104 esse
1127 2041 1333 2101 confirmatur.
1356 2038 1440 2112 Quae

159 2129 312 2189 sententia
334 2145 402 2189 cum
427 2127 529 2199 subsit
549 2130 702 2189 vaticiniis
725 2148 805 2214 quac
820 2132 958 2207 proxime
974 2128 1125 2206 adjungit,
1141 2125 1387 2204 comprobatur
1373 2141 1439 2201 Janr

158 2210 297 2291 exemplo
315 2231 407 2293 quam
427 2218 499 2274 ante
515 2216 728 2276 vaticiniorum
751 2234 898 2277 summam
914 2215 1037 2275 dixerit:
1059 2237 1104 2274 τα
1093 2212 1171 2284 εἰς
1187 2210 1357 2292 Χριστὸν
1372 2231 1439 2273 πα-

158 2295 320 2376 θήματα
336 2295 476 2370 καὶτὰς
491 2296 586 2375 μετὰ
598 2305 719 2361 ταῦτα
736 2299 865 2381 δόξας
880 2303 1139 2400 cognosciturquc
1151 2298 1280 2359 eandem
1292 2315 1364 2360 esse
1376 2296 1440 2375 epi-

158 2385 257 2447 stolae
280 2403 430 2447 ιιιιιιιιιιι
451 2387 565 2463 quippe
587 2404 645 2463 qua
667 2387 781 2449 Christi
797 2388 908 2449 Christ
887 2394 1103 2466 tranorumque
1119 2389 1152 2446 in
1170 2389 1254 2445 sorte
1271 2382 1438 2446 similitudo

158 2469 341 2535 declaretur.
356 2495 362 2501 ·
384 2472 482 2532 Porro
505 2471 578 2532 illud
601 2467 732 2552 ἐγενήθη
754 2475 795 2545 εις
810 2473 944 2552 κεφαλὴν
960 2473 1069 2552 γωνίας
1086 2475 1160 2550 quin
1175 2472 1438 2533 resurrectionem

158 2556 272 2620 Christi
289 2561 440 2619 monstret
450 2565 594 2637 tanquam
610 2560 761 2621 initium
777 2561 922 2637 gloriae
938 2558 1158 2629 restituendae,
1171 2557 1297 2619 dubium
1311 2574 1374 2618 non
1389 2563 1440 2618 est

156 2645 340 2721 pracsertim
358 2644 442 2706 Petri
459 2645 553 2706 verba
567 2647 635 2719 Act.
649 2646 695 2716 lv,
716 2649 762 2709 10.
780 2650 815 2709 11
836 2648 868 2721 in
884 2646 1025 2707 auxilinm
1043 2647 1173 2706 vocanti.
1204 2645 1248 2705 lta
1265 2660 1339 2706 vero
1358 2644 1438 2705 inira

157 2729 225 2807 (ΙΙΙ,
239 2729 289 2808 18)
304 2727 505 2806 ζωιιιιιηθιίς
521 2731 659 2792 videmus
676 2735 853 2810 oppositum
868 2732 911 2792 illi
928 2733 1017 2792 alteri
1034 2729 1230 2801 θιιιίιτωθείς
1245 2735 1338 2807 atque
1354 2728 1448 2807 quodi

158 2814 317 2877 nonnihil
340 2815 443 2878 valere
467 2816 588 2879 videtur
611 2816 648 2877 ad
672 2818 911 2879 confirmandam
932 2825 1071 2878 nostram
1093 2818 1153 2877 ioci
1175 2818 1254 2877 inira
1276 2817 1437 2892 sequentis
1550 2861 1553 2865 «

32 2967 38 2977 ,
156 2899 403 2980 explicationem,
426 2902 485 2963 hoc
505 2905 536 2963 1ι
559 2908 691 2982 utroque
714 2905 782 2964 loco
806 2907 847 2965 ita
878 2905 913 2963 fit
936 2911 970 2964 ιι
1000 2921 1061 2964 non
1083 2903 1183 2963 solum
1205 2900 1340 2963 fidelium
1363 2919 1437 2978 spes

157 2993 190 3048 ct
210 2987 308 3065 gloria
329 3005 408 3065 quae
428 2991 543 3049 nitatur
560 2989 674 3050 Christi
691 2993 920 3052 resurrectione
944 2994 1216 3059 commemoretur,
1242 2987 1296 3049 sed
1320 2989 1437 3049 arctius

156 3074 250 3143 etiam
273 3092 340 3135 cum
362 3077 601 3137 resurrectionis
625 3078 780 3137 mentione
803 3078 1007 3153 conjungatur
1029 3076 1143 3136 Christi
1165 3092 1234 3136 cum
1261 3072 1437 3134 infidelibus

155 3161 380 3223 commercium.
405 3161 440 3233 ΙΙ,
454 3164 481 3223 7
496 3162 528 3225 8.
546 3157 710 3223 ἀπειθοῦσι
726 3161 810 3222 de-
770 3157 996 3240 -ἐὶιιήθηἱ
970 3183 1012 3232 εις
1029 3156 1162 3242 κεφαλὴν
1177 3157 1286 3238 γωνίας
1302 3177 1370 3236 sqq
1382 3158 1436 3219 cfr

153 3246 232 3313 infra
255 3245 293 3309 de
314 3246 370 3319 111,
396 3247 434 3311 18
458 3266 524 3324 sqq

239 3327 434 3395 Αιιιιιιιιίὶι
452 3335 539 3410 justo
562 3333 715 3395 tandem'
708 3336 805 3412 ipsius
828 3335 884 3396 Dei
902 3333 1055 3411 judiciot
1042 3332 1195 3394 traditis
1187 3351 1218 3393 ιι
1234 3348 1314 3396 eam
1343 3325 1436 3391 animi

154 3421 391 3497 perversitatem
413 3420 459 3498 (8)
482 3426 515 3481 ιι
536 3421 664 3481 verbum
688 3421 826 3482 salutis
819 3424 857 3481 ris
880 3422 1045 3481 offensioni
1067 3437 1130 3481 non
1149 3436 1220 3480 esse
1237 3435 1300 3479 non
1317 3422 1436 3493 posset,

154 3506 312 3583 oppam
298 3522 366 3581 Jam
387 3508 547 3583 apostolus
571 3507 648 3567 hanc
671 3507 888 3584 disputationis
910 3511 1029 3585 partem
1052 3506 1216 3568 absolvens
1233 3503 1333 3565 denuo
1351 3502 1437 3565 Chri-

153 3593 325 3666 stianorirrn
347 3592 554 3653 conditionem
576 3597 668 3670 atque
692 3599 808 3654 sortem
829 3595 1087 3672 praestantiorem
1110 3597 1211 3663 tanto,
1236 3594 1351 3669 quanto
1375 3606 1436 3662 ma-

153 3679 201 3754 gis
223 3677 288 3738 Deo
311 3678 471 3754 probatam
488 3683 519 3738 et
541 3684 676 3738 sanctam
700 3681 741 3757 (9.
768 3679 827 3757 10).
873 3678 980 3757 Neque
1004 3696 1078 3740 vero
1106 3684 1153 3739 tot
1181 3684 1213 3738 et
1234 3681 1319 3737 tanta
1341 3673 1434 3734 verba

153 3761 266 3841 quibus
295 3763 352 3824 hac
379 3765 411 3823 in
431 3782 467 3824 re
491 3768 588 3825 utitur
615 3783 693 3825 vano
716 3767 888 3827 inserviunt
911 3767 1043 3827 nominis
1067 3765 1232 3827 Christiani
1254 3761 1434 3839 praeconio:

152 3851 244 3911 immo
267 3866 329 3926 qno
348 3855 503 3928 spectent,
527 3851 615 3912 facile
639 3868 677 3912 ex
692 3857 777 3912 arcto
800 3844 881 3913 inter¹
904 3869 1018 3925 nonum
1035 3857 1067 3912 et
1081 3850 1294 3911 duodecimum
1311 3861 1435 3906 versum

152 3934 364 4001 intercedente
387 3954 468 3997 nexu
491 3939 697 4014 cognoscitur.
742 3938 884 4016 Repetite
908 3940 990 3999 enim
1019 3940 1164 3999 universa
1190 3937 1250 3994 ista
1277 3930 1314 4006 ad
1342 3931 1435 3991 vitam

129 4024 290 4083 ἰιιιιιιιι
311 4021 540 4095 adhortatione,
563 4041 601 4083 ex
623 4024 866 4086 Christianorum
888 4026 921 4085 in
942 4024 1000 4085 hac
1022 4025 1085 4085 vita
1107 4020 1282 4084 conditione
1306 4018 1435 4078 maxime

152 4106 262 4169 burste
291 4109 383 4187 (11),
412 4112 458 4170 ιιι
487 4125 581 4186 supra
613 4112 731 4186 magnis
758 4110 818 4173 illis
848 4111 960 4188 quihus
990 4128 1007 4169 a
1035 4110 1100 4168 Deo
1127 4109 1189 4167 sint
1211 4105 1356 4166 instructi
1382 4102 1435 4164 do·
1474 4182 1478 4191 1

152 4194 200 4255 nis
223 4198 255 4255 et
269 4193 440 4257 honoribus
458 4196 498 4273 (9.
519 4195 579 4268 10),
603 4196 677 4254 ita
663 4214 728 4272 Jam
746 4197 868 4273 jactura
883 4198 993 4258 salutis
1008 4196 1184 4255 imminente
1204 4193 1270 4271 (11)
1286 4191 1435 4266 instigare

153 4278 258 4342 sbndet
280 4279 422 4354 hctores,
445 4287 480 4340 ut
496 4297 552 4343 eos
568 4297 640 4341 sese
656 4286 884 4382 (ιιιιιιιιιιι,Ι
877 4302 909 4344 ιι
924 4298 1055 4360 quorum
1071 4283 1133 4341 vita
1151 4284 1184 4340 et
1200 4278 1307 4341 habitu
1323 4276 1434 4338 sancti-

154 4371 204 4429 ιιι
215 4372 249 4428 et
270 4367 444 4446 benignitas
460 4375 545 4430 esset
567 4370 732 4444 conspicua
749 4369 789 4468 (9.
808 4369 858 4447 12)
878 4365 1073 4445 agnoscenda
1089 4367 1222 4443 denique
1240 4369 1271 4426 et
1286 4359 1435 4423 laudanda

150 4454 244 4515 etiarn
265 4470 284 4513 a
306 4453 472 4532 gentilibus
495 4459 527 4516 et
514 4453 768 4515 tadversariis
760 4458 837 4532 rpsis
860 4455 936 4534 (12).

195 4572 200 4589 =
237 4538 293 4601 llis
314 4539 431 4601 ultimis
454 4540 557 4602 verbis
584 4558 677 4617 quum
693 4538 879 4601 adversariis
901 4539 1144 4609 Christianorum
1159 4539 1251 4599 etiam
1274 4552 1347 4613 spes
1362 4550 1434 4601 cort·
1498 4589 1500 4595 .

150 4625 305 4686 versionis
333 4628 511 4704 gratimque
536 4625 655 4688 divinae
683 4625 844 4705 aliquando
868 4627 984 4702 largius
1006 4625 1216 4705 impetrandae
1234 4622 1433 4698 relinquatur,
1492 4699 1494 4702 Α
1543 4639 1550 4653 ’

149 4711 232 4775 bene
255 4710 421 4774 notandum
448 4719 511 4786 est,
534 4714 592 4774 hac
612 4715 680 4792 ipsa
707 4714 830 4790 loturae
854 4714 1042 4791 visitationis
1065 4712 1183 4773 divinae
1206 4708 1363 4787 mentione
1384 4723 1434 4776 re·
