3210 5228
193 320 215 386 8
622 325 635 382 1
651 325 731 386 Pm.
750 324 787 396 ll,
811 324 847 384 12
864 355 906 369 -
919 325 970 396 111,
992 324 1039 384 12.

140 516 143 520 ·
197 493 309 570 stringi
330 491 421 554 simul
444 493 575 571 spatium
599 495 792 555 conversioni
824 492 995 553 relictum¹
1032 489 1105 552 lnde
1120 490 1211 550 etiam
1229 489 1469 568 explicaturcnr

198 580 266 641 aliis
295 579 444 658 epistolae
473 579 564 652 locis,
589 579 626 640 de
653 580 765 659 quihus
792 580 870 639 infra
898 595 1001 639 sermo
1024 579 1098 649 erit,
1129 577 1173 637 nti
1196 576 1299 637 ante
1286 592 1351 653 Jam
1373 590 1468 636 versu

199 671 310 728 octavo
332 665 370 726 de
388 663 505 742 J‘udlcio
528 666 627 728 solo
619 685 650 727 m
674 666 870 727 adversarios
894 653 1029 725 exercito
1052 679 1155 724 sermo
1177 661 1327 723 videatur.
1372 663 1470 722 Accu-

197 753 295 813 ratius
317 754 398 813 enim
421 754 528 831 utique
551 752 798 830 distinguendum
822 753 896 824 erit,
918 749 1006 831 quale
1029 749 1197 811 inlidelium
1226 765 1323 826 genus
1347 765 1470 809 aevum·

197 856 258 918 qne
281 839 421 916 apostolo
443 837 481 899 de
504 838 608 898 lutura
632 839 788 899 hominum
811 843 896 899 sorte
918 836 1085 898 disserenti
1103 840 1174 897 ante
1193 834 1300 897 oculos
1316 838 1470 896 versetur.

198 925 295 986 Aliter
317 929 424 1002 aperte
447 923 485 984 de
506 925 576 985 istis
599 927 651 1004 qni
678 925 751 985 licet
773 922 1007 1000 οικοιιομοῦντις
1035 929 1137 983 tamen
1163 924 1263 999 ipsum
1292 921 1472 982 fundamen-

197 1016 262 1072 tum
278 1011 433 1072 Christum
456 1011 710 1088 reprobaverant,
734 1011 823 1070 aliter
846 1009 884 1069 de
906 1009 1072 1086 gentilibus
1094 1011 1175 1069 inter
1190 1025 1269 1087 quos
1291 1007 1369 1069 fides
1386 1007 1472 1069 Chri·

198 1099 298 1161 stiana
321 1095 478 1176 probanda
502 1102 587 1158 esset
610 1099 783 1158 etiamnunc
809 1096 906 1173 proba
934 1100 965 1155 et
987 1100 1093 1155 sancta
1116 1097 1192 1167 vita,
1222 1095 1312 1154 aliter
1340 1094 1472 1171 denique

200 1183 238 1244 de
261 1186 314 1255 iis,
338 1183 450 1260 qulbus
474 1184 550 1244 satis
573 1185 701 1263 probata
724 1182 882 1243 videretur
899 1180 971 1241 ildei
988 1188 1096 1242 natura
1115 1181 1286 1260 salutisque
1301 1180 1473 1258 adipiscen-

193 1268 256 1330 dae
279 1272 366 1346 copia
389 1267 440 1328 diu
462 1274 495 1328 et
514 1273 617 1330 tamen
633 1271 749 1330 frustra
773 1269 858 1340 data,
882 1267 1078 1328 statuendum
1101 1272 1177 1328 erat.
1213 1267 1322 1346 Neque
1343 1267 1402 1328 hoc
1424 1269 1474 1327 est

199 1354 417 1434 negligendum
444 1356 535 1415 istius
558 1355 805 1416 adversariorum
830 1356 897 1431 spei
924 1355 1110 1414 mentionem
1138 1355 1208 1417 lieri
1229 1354 1288 1414 hoc
1316 1355 1384 1414 loco
1412 1367 1474 1412 non
1588 1416 1591 1422 Α

199 1448 329 1520 propter
351 1443 451 1519 ipsos,
475 1441 568 1502 multo
592 1445 692 1503 minus
717 1442 807 1502 etiam
831 1440 982 1515 dogmatis
998 1440 1156 1517 cujusdam
1175 1439 1348 1517 exponendi
1369 1455 1472 1510 cansa,

201 1528 257 1589 sed
280 1533 315 1588 nt
337 1529 535 1588 incitamento
559 1529 601 1588 sit
622 1528 804 1589 Christianis
829 1527 910 1586 vitae
933 1531 965 1586 et
985 1529 1016 1587 in
1034 1527 1090 1586 Dei
1112 1527 1261 1587 honorem
1286 1530 1317 1587 et
1345 1527 1377 1586 in
1401 1524 1474 1585 fidel

203 1614 391 1691 triumphum
415 1618 520 1674 sancte
542 1612 748 1675 instituendae
772 1611 978 1689 agendaeque.

292 1701 356 1760 Hoc
385 1699 466 1759 idem
498 1704 710 1776 argumentum
741 1704 791 1758 est
820 1703 852 1759 et
879 1699 951 1758 finis
981 1715 1126 1759 versuum
1153 1700 1365 1775 sequentium,
1394 1710 1474 1775 quos

201 1786 408 1848 conclusionis
431 1787 580 1864 particula
603 1787 785 1863 interposita
803 1785 963 1863 apostolus
984 1784 1129 1862 adjungit.
1164 1786 1224 1844 Per
1240 1785 1377 1862 singulas
1395 1784 1475 1844 enirn

200 1876 283 1935 vitae
306 1871 499 1933 conditiones
521 1873 739 1954 hominumque
763 1871 887 1931 ordines
910 1889 991 1932 nune
1013 1873 1226 1948 persequitur,
1251 1888 1328 1948 qnae
1352 1873 1422 1930 ante
1446 1870 1477 1928 in

202 1962 383 2021 universum
405 1958 485 2018 dieta
508 1965 588 2019 sunt.
626 1959 670 2018 Ex
690 1955 740 2017 his
764 1962 865 2018 antem
889 1958 925 2017 ad
950 1975 1002 2018 eas
1025 1958 1155 2018 maxime
1177 1959 1305 2035 respicit
1327 1955 1478 2018 conditio·

203 2064 273 2119 nes,
298 2048 328 2104 in
352 2045 464 2122 quibus
487 2046 612 2106 multum
637 2050 669 2106 et
690 2045 900 2104 necessarium
923 2044 1017 2104 inerit
1037 2046 1119 2104 inter
1136 2044 1327 2104 Christianos
1351 2047 1383 2104 et
1406 2059 1477 2120 gen·

202 2133 273 2193 tiles
297 2130 436 2208 singulos
459 2134 692 2203 commercium,
716 2131 866 2190 institutis
889 2136 991 2190 tamen
1015 2135 1047 2190 et
1074 2131 1211 2190 moribus
1241 2128 1477 2190 consuetudine-

205 2236 265 2296 que
294 2217 451 2294 gentilium
481 2233 550 2277 cum
573 2217 766 2277 Christianae
793 2218 874 2275 vitae
904 2216 1011 2292 regula
1036 2234 1127 2293 quam
1157 2218 1287 2276 maxime
1316 2216 1478 2294 pugnanti·

204 2305 272 2365 bus.
317 2304 362 2362 lta
381 2303 452 2380 quid
477 2305 644 2382 praelectis
668 2302 872 2378 omnibusque
896 2302 1128 2379 magistratibus
1153 2301 1283 2363 debeant
1306 2301 1478 2372 Christiani,

206 2388 280 2468 qnid
311 2389 442 2449 dominis
476 2391 575 2463 servi,
613 2387 686 2466 qnid
717 2389 828 2465 conjux
858 2389 982 2466 conJugi
1017 2388 1090 2448 lldei
1121 2389 1311 2450 Christianae
1344 2387 1479 2449 nondum

205 2475 336 2536 addictis
363 2475 533 2552 perlustrat
561 2477 618 2576 (ll,
644 2475 727 2536 13-
737 2474 791 2546 lll,
816 2476 862 2546 7).
908 2475 1127 2551 Cuiuscunque
1157 2478 1238 2536 enim
1265 2474 1396 2551 subjecti
1418 2474 1482 2535 sint

207 2563 373 2624 Christiani
395 2564 556 2638 potestati,
581 2564 609 2622 ei
635 2577 705 2620 esse
729 2560 948 2631 obediendum,
974 2561 1109 2638 alioquin
1133 2577 1188 2622 eos
1212 2562 1334 2622 Christo
1358 2559 1480 2622 domino

205 2648 327 2728 placere
349 2644 411 2707 non
432 2664 540 2725 posse,
571 2650 623 2724 qui
651 2647 766 2707 liberos
794 2648 985 2724 praestiterit
1014 2665 1077 2708 non
1099 2652 1133 2707 nt
1160 2647 1301 2709 licentius
1330 2665 1364 2709 se
1394 2663 1481 2723 gere·

198 2739 277 2796 ‘rent
264 2734 356 2794 tsed
385 2739 421 2793 ut
441 2734 506 2794 Deo
534 2751 650 2794 morem
680 2750 789 2810 gerere
818 2732 877 2792 sihi
907 2732 1086 2794 viderentur
1107 2734 1283 2811 ubicunque
1305 2733 1480 2794 hominibus

206 2825 293 2882 esset
315 2819 535 2892 obediendum,
558 2821 669 2899 hisque
693 2820 770 2901 tales
799 2835 869 2880 sese
899 2820 1098 2896 praeberent,
1127 2824 1175 2892 ιιι,
1207 2837 1337 2897 quornm
1368 2834 1480 2880 munus

207 2912 295 2968 esset
321 2908 431 2982 punire
458 2906 614 2966 maleficos
642 2908 780 2982 praemio
810 2911 912 2966 autem
941 2906 1063 2967 allicere
1092 2911 1176 2966 recte
1200 2909 1341 2983 agentes,
1370 2906 1391 2965 ii
1419 2906 1480 2982 ipsi

208 2993 401 3055 Christianae
424 2994 617 3053 innocentiae
641 2992 749 3052 arbitri
772 2997 802 3051 et
824 2991 960 3052 vindices
983 3009 1054 3053 esse
1078 2992 1226 3053 deberent
1251 2992 1301 3071 (ll,
1323 2989 1478 3071 133-17).

207 3081 324 3140 Versus
353 3079 488 3138 decimus
519 3080 645 3156 quintus
672 3079 735 3154 jam
767 3080 843 3137 satis
870 3078 951 3138 clare
975 3077 1123 3149 ostendit,
1154 3078 1326 3155 apostolum
1356 3078 1479 3138 omnino

208 3168 307 3265 magis
330 3164 367 3224 de
391 3163 576 3227 adversariis
599 3165 731 3240 injuriae
749 3163 979 3236 convincendis,
1004 3164 1246 3225 Christianorum
1267 3169 1368 3225 autem
1391 3166 1479 3225 inno-

208 3257 279 3311 cent
280 3254 307 3309 ia
266 3252 499 3312 tevincenda
522 3269 629 3329 agere,
655 3267 745 3326 quam
769 3249 805 3310 de
827 3250 948 3310 illorum
972 3250 1079 3310 salutis
1103 3252 1190 3326 copia
1210 3249 1310 3311 demta
1334 3250 1481 3311 relietave

202 3337 282 3414 (cfr
307 3338 384 3395 infra
408 3337 517 3409 adlll,
543 3339 608 3413 16)
1553 3404 1556 3409 ,

295 3421 400 3481 Servis
429 3384 537 3483 deinde
565 3439 627 3482 non
657 3424 758 3482 minus
787 3422 935 3499 obsequio
966 3422 1159 3483 dominorum
1180 3423 1229 3484 vel
1253 3423 1443 3484 duriorum
1435 3439 1481 3482 ιιι-

206 3509 315 3586 J‘uneto
331 3507 395 3584 (18)
414 3509 609 3584 generalem
602 3525 634 3567 ιιι
635 3509 771 3585 terponit
793 3508 1035 3569 adhortationem
1060 3508 1097 3568 de
1121 3511 1371 3571 afflictationibus
1390 3510 1481 3569 etlam

211 3599 276 3654 tum
299 3594 452 3669 patienter
474 3592 694 3670 suscipiendis
701 3611 770 3653 cnm
792 3596 906 3671 injuste
928 3595 1099 3672 plectamur
1120 3596 1233 3657 nullius
1257 3597 1363 3674 culpae
1387 3595 1482 3656 obno-

85 3675 91 3682 '
210 3681 285 3740 xii
276 3681 337 3756 ipsi
359 3679 433 3757 (19
446 3680 509 3756 20)

297 3766 343 3825 Ab
366 3766 424 3825 hoc
446 3766 517 3825 inde
540 3766 607 3825 loco
631 3768 727 3841 magis
751 3781 842 3841 qnam
865 3772 936 3827 ante
959 3766 996 3827 de
1019 3766 1155 3828 calamita
1158 3726 1253 3828 tibus
1266 3771 1378 3846 agitur,
1404 3785 1482 3846 quse

215 3848 397 3913 Christianis
428 3852 509 3912 inter
536 3856 609 3928 gent
596 3851 665 3913 tiles
687 3850 865 3911 tolerandae
887 3855 1029 3928 luerunt3
1054 3855 1133 3914 vitae
1156 3862 1258 3916 autem
1281 3858 1482 3926 sanctitatem,

214 3956 303 4017 qnam
328 3937 418 4005 modo
441 3937 667 4000 commendavit
690 3940 827 4010 omnino,
852 3941 981 3999 maxime
1004 3899 1068 4000 ileo
1092 3942 1252 4017 probatam
1275 3947 1306 4002 et
1328 3946 1482 4020 acceptam

109 4040 113 4047 ·
213 4027 245 4086 ιιι
268 4042 305 4085 eo
328 4026 414 4084 cerni
430 4025 576 4086 docemur
598 4029 633 4083 ut
655 4024 821 4084 Christiani
844 4024 968 4085 Christo
997 4026 1112 4086 similes
1141 4024 1387 4090 adversariorum
1416 4044 1484 4105 per·

213 4127 287 4172 secu
289 4112 390 4171 tiones
412 4113 565 4187 patienter
586 4110 701 4183 ferant,
729 4127 768 4171 ne
791 4113 1023 4187 repugnationis
1047 4113 1182 4190 quidem
1192 4113 1358 4192 opprobrio
1381 4117 1485 4174 conta·

213 4197 330 4257 minant
317 4201 365 4256 tes
389 4202 513 4258 sanctae
535 4201 616 4258 vitae
639 4159 767 4257 landem.

251 4281 386 4356 ouon
410 4301 500 4383 quarn
524 4288 631 4370 accept
632 4301 681 4370 uqr
704 4284 768 4343 lieo
798 4285 839 4343 sit
860 4284 971 4362 probat
998 4286 1157 4362 apostolus
1185 4286 1315 4361 primum
1344 4285 1485 4364 exemplo

214 4369 342 4440 Christi,
367 4371 448 4429 omni
465 4371 553 4468 culpa
576 4372 714 4447 expertis
732 4387 931 4447 summosque
947 4374 1102 4432 cmciatus
1120 4372 1275 4448 patienter
1292 4373 1484 4443 sustinentis,

216 4473 305 4532 quem
326 4455 525 4514 Christiani
517 4473 547 4515 ιιι
564 4456 642 4515 hac
634 4474 701 4556 ipsa
716 4458 863 4536 patientia
887 4460 940 4518 et
932 4475 1061 4519 innocen
1064 4459 1105 4517 tia
1121 4460 1292 4536 sequantur
1305 4457 1486 4520 fidelissime

217 4557 254 4601 eo
285 4543 382 4618 magis
410 4545 571 4618 oportere,
600 4544 672 4618 qnia
695 4543 837 4605 Christus
860 4547 961 4606 crucis
985 4548 1114 4604 mortem
1142 4560 1310 4624 omnesque
1333 4563 1412 4626 quae
1435 4562 1486 4605 an-

173 4770 176 4777 ,
288 4731 310 4781 1.
331 4726 380 4781 Cir.
398 4726 541 4782 liutherum
562 4726 594 4781 de
611 4730 702 4809 verbis
718 4723 750 4783 ἒν
767 4725 858 4803 ἡμέρᾳ
872 4722 1036 4798 ἐπισκοπῆς.
1076 4801 1082 4804 η
