3210 5228
684 293 853 358 rentem,
874 291 921 347 ne.
1337 380 1339 385 ⁴
1401 284 1443 355 tt

156 459 295 534 mimum
316 455 417 517 obtat
434 455 516 532 quod
532 461 640 535 aperte
652 454 759 521 'verbis
778 454 979 534 ζωοποιηθεὶς
996 452 1029 517 dd
1048 449 1196 530 πνεύματι
1214 471 1276 523 non
1291 454 1330 521 de
1347 457 1442 519 victa

158 544 209 611 rte
225 541 341 607 Christi
355 542 389 601 in
404 540 579 603 homines
595 540 779 620 πνεύματι
800 542 971 609 exhibita
987 555 1090 607 sermo
1109 547 1173 611 est,
1192 539 1249 605 sed
1263 539 1301 607 do
1321 543 1385 609 aim
1404 545 1441 609 iu

162 627 357 693 Christum
376 627 478 704 ipsum
500 634 654 690 mortuum
677 623 862 706 πνεύματι
885 627 1034 691 coliata.
1072 624 1270 702 dejectione
1293 626 1440 705 quidcem

164 712 348 779 documento
364 729 438 775 esse
450 715 566 790 possit,
587 716 614 774 si
628 714 731 776 verbis
744 715 893 792 proximis
910 711 942 777 ie
953 698 979 795 ᾧ
990 710 1042 779 καί
1058 710 1193 779 aduttum
1207 728 1272 777 uon
1287 714 1442 779 condrea-

163 805 231 872 tur,
253 799 320 861 loco
341 803 450 866 nostro
472 801 596 863 omnino
618 795 782 878 perperam
802 801 942 866 sennua.
982 799 1051 863 Jam
1072 798 1159 866 facite
1182 797 1343 874 apparebit
1357 798 1442 864 istud

164 884 219 945 nal
236 886 340 962 potius
361 902 534 962 repugnare
563 887 593 947 ei
620 888 709 964 eujus
738 889 771 947 in
799 886 942 952 auxilinm
972 889 1099 951 vocetur
1128 885 1308 951 sententiae·
1358 884 1443 951 idem

165 970 304 1035 Christus
327 976 434 1049 aperte
457 973 601 1048 quiante
624 972 826 1049 ζωοποιηθιίς
850 971 961 1038 dieitur
984 969 1096 1035 deiude
1116 969 1281 1052 aenaeae
1302 967 1440 1048 κηρύξαι.

164 1054 294 1125 omnino
317 1073 393 1119 vero
416 1058 506 1119 etiam
529 1058 610 1119 illam
632 1064 807 1136 temporum
829 1056 947 1123 Noacti
962 1061 1004 1117 ct
1018 1055 1168 1138 lectorum
1184 1058 1443 1132 comparationem

163 1143 295 1219 primum
317 1145 349 1205 in
363 1147 629 1219 argumentatione
646 1144 748 1211 locum
762 1161 824 1211 noo
840 1142 967 1211 orbare,
991 1143 1059 1219 ipsa
1073 1142 1240 1208 verborum
1254 1146 1443 1211 erueturne·
1554 1182 1557 1189 ·

162 1245 223 1306 oue
246 1231 328 1300 ratio
352 1228 452 1291 docet.
496 1229 618 1290 Poenae
638 1232 739 1303 notio,
763 1232 892 1295 mmime
915 1232 1018 1295 autem
1040 1226 1156 1295 Noachi
1180 1243 1308 1299 nomeu,
1330 1230 1443 1307 quippe

158 1330 333 1392 perquem
362 1314 504 1377 Christus
532 1310 757 1394 praedicasset,
784 1315 915 1383 debebat
936 1315 996 1377 alio
1025 1329 1157 1390 prorsus
1180 1312 1272 1378 modo
1295 1317 1442 1383 eminere.

157 1399 317 1473 Summam
339 1402 444 1478 potius
462 1403 524 1463 vim
544 1402 637 1465 habet
652 1421 721 1464 curn
737 1399 879 1482 ἐκήρυξεν
898 1400 1041 1472 verbum,
1063 1398 1146 1476 quod
1162 1400 1340 1479 Wiesinper
1357 1405 1443 1461 recte

157 1492 283 1646 ἵληθι,
313 1491 380 1548 tum
408 1504 486 1566 quae
509 1505 566 1565 per
593 1490 742 1551 vocabule
763 1486 795 1548 ἐν
817 1475 842 1570 ᾧ
864 1486 918 1549 eal
943 1487 1079 1566 maniter
1106 1485 1156 1546 hic
1183 1486 1333 1563 recipitur
1356 1488 1443 1549 nodo

220 1571 371 1650 conperta.
804 1626 809 1631 .
879 1580 882 1590 '
1439 1595 1441 1601 ’

247 1657 364 1723 Deinde
385 1658 444 1720 hoc
465 1654 566 1736 ipsum
589 1658 752 1738 πορευθείς
775 1662 905 1723 maxime
919 1663 1048 1736 propter
1070 1657 1171 1718 locum
1186 1673 1279 1734 quern
1298 1660 1330 1719 in
1347 1675 1442 1723 enun-

159 1747 237 1811 mato
260 1743 353 1807 habet
373 1744 461 1808 aliter
483 1745 614 1822 intelligi
637 1763 699 1807 non
721 1746 794 1807 licet
816 1747 876 1806 nisi
898 1748 940 1806 ita
962 1750 997 1805 ut
1018 1737 1142 1824 φυλακή
1165 1745 1240 1816 ista,
1264 1760 1326 1821 qua
1348 1747 1444 1805 conti

160 1832 232 1893 neri
246 1829 389 1893 dicuntur
407 1825 581 1907 mandouro,
600 1831 690 1893 simul
702 1848 816 1907 scopus
833 1833 931 1897 tuisse
946 1830 1149 1908 profectionis
1163 1827 1278 1890 Christi
1292 1831 1444 1907 signitice·
1491 1841 1493 1847 ·

159 1921 222 1979 tur.
256 1914 437 1994 Respondet
459 1918 551 1979 ctiam
575 1918 645 1979 huic
667 1917 831 1997 aopecdelc
853 1916 983 1979 alterurn
999 1935 1026 1975 v.
1039 1917 1096 1986 22,
1121 1913 1203 1992 quod
1226 1920 1332 1993 aperte
1355 1934 1443 1995 prae·
1506 1948 1509 1953 ·

160 2001 281 2071 dicatur
302 2003 340 2063 de
364 2001 487 2065 Christo
516 2003 685 2068 redivivo.¹
725 2000 897 2079 diremptura
926 2018 1021 2080 porro
1052 2018 1107 2062 cur
1129 1999 1322 2078 appellentur
1344 2004 1381 2076 ii,
1404 2003 1441 2065 ad

160 2104 241 2169 qnos
261 2088 402 2151 Christus
428 2106 462 2149 se
486 2089 629 2162 contulit,
654 2105 715 2150 non
740 2089 922 2166 intelligitur
944 2091 1004 2150 nisi
1031 2105 1098 2149 cum
1128 2103 1165 2148 eo
1189 2088 1242 2164 qui
1272 2083 1441 2150 estund-

157 2195 238 2250 ματα
267 2173 467 2252 ζωνπᾳνηθείς
495 2183 719 2252 componantur
746 2177 803 2246 ita,
833 2182 868 2236 ut
889 2181 1035 2252 appareat
1062 2173 1146 2235 illurn
1168 2190 1260 2250 agere
1285 2175 1350 2251 J‘am
1373 2192 1442 2237 cum

161 2262 215 2333 iis,
238 2263 292 2338 qui
313 2277 405 2322 carne
428 2267 461 2322 et
482 2262 542 2337 ipsi
564 2265 710 2340 uoniam
734 2266 873 2333 utantur,
897 2262 927 2322 id
951 2260 1033 2339 quod
1056 2265 1201 2338 tanquam
1223 2261 1304 2320 vilae
1329 2259 1442 2324 Christi

131 2369 135 2372 ’
160 2346 330 2425 spiritualis
360 2363 513 2407 summurn
532 2353 572 2408 et
601 2349 812 2409 firmissimum
843 2347 1061 2416 documentum
1093 2347 1131 2407 ab
1162 2346 1304 2423 apostolo
1336 2348 1441 2424 amun-

161 2435 254 2512 pitur.
302 2433 441 2510 Denique
464 2433 558 2495 verba
580 2432 619 2493 τὰ
641 2433 672 2494 ἐν
695 2435 819 2516 φυλακῇ
842 2429 1002 2510 aaronem
1026 2434 1191 2509 duonnnus
1221 2431 1259 2492 de
1289 2439 1372 2495 statu
1395 2452 1443 2496 ac·

160 2520 327 2598 cipianrus,
358 2521 390 2579 in
420 2536 481 2597 quo
512 2519 681 2582 Noacllitae
708 2537 790 2581 nune
820 2522 883 2581 slot
911 2524 1076 2597 postquam
1105 2517 1365 2595 praedicationem
1392 2521 1442 2585 bis
1497 2527 1500 2530 ”

161 2604 243 2669 mille
272 2607 361 2667 annis
391 2611 462 2666 ante
492 2612 648 2682 acceptam
677 2609 869 2683 respuerint,
905 2605 1032 2683 impedit
1061 2622 1130 2667 cum
1158 2604 1269 2666 horum
1303 2607 1441 2682 ipsorum

160 2690 328 2759 umbonum
350 2694 429 2753 ratio
452 2687 636 2769 (πνεύματα)
659 2697 724 2755 tum
746 2691 829 2753 istud
850 2690 940 2771 ποτέ,
965 2690 1048 2769 quod
1071 2692 1222 2769 sequitur.
1256 2691 1353 2754 Recte
1376 2695 1442 2772 qui·

161 2776 231 2843 dem
255 2782 360 2839 monet
381 2777 572 2839 Hofmannus
587 2780 781 2856 participium
796 2770 1007 2856 ducatricem
1024 2794 1093 2839 curn
1110 2777 1238 2838 articulo
1255 2784 1359 2839 careat
1380 2796 1443 2841 non

160 2863 283 2927 relativi
312 2865 462 2924 enuntiati
491 2866 551 2926 vim
581 2865 704 2928 habere.
751 2864 868 2938 Quodsi
894 2880 989 2940 porro
1018 2863 1207 2942 participiale
1235 2863 1318 2924 istud
1346 2883 1441 2927 enun-

160 2952 270 3015 tiatum
286 2952 328 3011 ita
346 2950 474 3026 intelligi
491 2949 572 3018 vult,
585 2960 619 3009 ut
638 2957 674 3011 ct
690 2950 898 3028 praedicatum
915 2949 986 3010 olim
997 2948 1156 3010 Noaohitis
1168 2949 1267 3009 fuisse
1280 2950 1360 3011 dieat
1371 2967 1443 3030 apo·

160 3036 263 3099 stolus
286 3042 324 3096 et
344 3034 512 3113 plerosque
535 3053 597 3097 non
620 3037 788 3098 credidisse
811 3035 940 3108 addat,
964 3053 1003 3096 nc
1024 3034 1084 3097 hoc
1099 3034 1223 3112 quidem
1244 3037 1377 3098 fortasse
1399 3041 1441 3099 ita
1497 3042 1503 3050 '

160 3124 237 3187 vitio
260 3121 441 3185 vertendum
465 3127 514 3181 cst
537 3126 581 3183 uti
602 3124 780 3200 Wiesinger
796 3122 862 3187 vult
884 3125 929 3198 (p.
943 3121 1022 3196 243)
1047 3125 1100 3199 qui
1119 3125 1213 3197 negat
1234 3122 1358 3183 omnino
1380 3123 1442 3188 tale

160 3210 354 3277 enuntiatum
365 3210 506 3286 potuisse
518 3210 621 3269 aeris
630 3211 657 3269 ti
669 3211 831 3286 participio
843 3210 964 3268 annecti
977 3208 1070 3287 (Win.
1082 3207 1132 3267 Gr.
1146 3206 1193 3270 ed.
1204 3206 1243 3268 Vl
1253 3226 1283 3284 p.
1294 3208 1355 3271 315
1364 3213 1443 3287 sq.);

161 3311 233 3357 nam
248 3293 331 3372 qnod
346 3297 411 3378 isto=
424 3295 585 3371 participio
601 3296 776 3358 annectitur
791 3312 858 3355 rem
880 3295 1017 3355 continet
1040 3311 1084 3353 er
1099 3298 1229 3355 mente
1253 3301 1291 3355 et
1313 3302 1443 3359 aetate

161 3383 375 3458 scriptoris
388 3382 506 3457 pariter
520 3384 719 3457 praeteritam
735 3388 766 3442 et
779 3385 1021 3443 consummatam
1038 3395 1074 3440 ae
1088 3397 1166 3456 quae
1179 3380 1276 3442 verbo
1288 3380 1376 3444 finite
1390 3385 1440 3460 (ex

164 3465 327 3528 Hermanni
349 3467 478 3527 maxime
503 3468 667 3543 sententia)
692 3469 883 3543 continetur3
908 3483 1092 3545 quamquam
1115 3468 1185 3544 quis
1208 3483 1271 3529 non
1292 3468 1444 3544 ejusmodi

162 3553 336 3614 orationem
359 3560 391 3614 et
412 3552 503 3631 paulo
527 3552 754 3631 impeditiorem
771 3552 809 3614 ad
831 3554 1022 3616 intellectum
1048 3558 1080 3614 et
1107 3554 1184 3615 satis
1213 3553 1343 3615 debilem
1372 3572 1443 3617 esse

163 3639 299 3701 sentiat?
343 3638 405 3701 Sed
428 3639 510 3718 quod
534 3642 750 3717 gravissimum
770 3639 1023 3718 impedimentum
1051 3657 1123 3703 esse
1144 3639 1281 3712 uidetur,
1304 3657 1373 3702 cum
1395 3657 1444 3701 se-
1549 3662 1552 3669 ν

160 3724 295 3787 cundum
323 3725 486 3787 Holmnnni
512 3728 665 3788 rationem
695 3726 855 3804 apostolus
883 3726 1032 3804 particula
1058 3726 1134 3787 acad
1159 3727 1254 3803 prisci
1283 3729 1442 3802 temporis,

159 3810 398 3889 praedicationis
417 3811 552 3884 scilicet,
576 3811 784 3874 conditionem
801 3815 938 3890 grauiter
953 3816 1042 3872 notet
1059 3813 1136 3872 etei
1153 3811 1285 3887 tempori
1303 3810 1340 3870 ad
1358 3811 1442 3888 quod

159 3893 195 3959 τὸ
210 3894 242 3957 ἐν
257 3899 379 3980 φυλακῇ
395 3891 470 3958 εἶναι
488 3898 685 3961 referendum
704 3903 753 3963 est
776 3904 926 3977 opponat,
947 3898 1023 3963 haec
1041 3899 1269 3961 enuntiatorum
1281 3899 1441 3975 ,oppositio

164 3983 340 4049 moraliter
361 3988 484 4061 poterat
506 4000 682 4063 emergere,
706 3985 767 4051 uisi
788 3985 820 4044 in
832 3983 1090 4063 praecedentibus
1111 3983 1172 4047 tale
1186 3980 1367 4046 vocabulum
1389 4003 1443 4064 pe·

162 4071 257 4131 situm
286 4077 373 4132 esset
401 4067 484 4146 quod
512 4073 726 4147 oppositorum
747 4071 904 4133 radonem
928 4080 961 4132 et
981 4070 1195 4148 praemuniret
1219 4072 1251 4129 et
1272 4069 1443 4134 luculenter

231 4277 254 4327 Ι.
274 4273 375 4335 Quibus
393 4273 460 4325 loeis
478 4272 607 4325 Holmann
627 4280 654 4329 et
671 4274 767 4331 Besser
785 4274 897 4343 probare
915 4272 1021 4329 student
1045 4287 1121 4337 usum
1146 4273 1276 4341 quendam
1299 4277 1373 4328 verbi
1397 4292 1443 4331 rm·

212 4346 299 4397 actae
316 4343 483 4403 translatum,
501 4344 595 4409 partim
614 4357 750 4410 perperam
776 4345 919 4399 intellectis
938 4345 1011 4401 [Act.
1029 4340 1074 4400 ΙΙΙ,
1090 4345 1124 4399 26
1148 4342 1194 4395 cfr.
1212 4342 1303 4412 lleyer
1326 4345 1358 4396 ad
1382 4346 1442 4400 lul

183 4412 318 4465 tomasius
330 4412 347 4464 Ι.
357 4412 374 4463 Ι.
388 4428 413 4478 p.
428 4415 499 4473 240).
517 4413 544 4464 in
562 4411 595 4463 iis
614 4412 637 4465 si
654 4427 722 4478 quae
741 4419 782 4464 est
799 4426 862 4466 usus
875 4410 1019 4471 similitudo
1037 4410 1274 4479 expliceturmodo
1288 4428 1320 4464 ex
1330 4415 1444 4480 imagine

162 4481 200 4535 ibi
217 4488 343 4548 usurpata
362 4480 525 4549 tGor.‚X,t,
545 4480 623 4532 modu
641 4495 655 4535 e
675 4488 798 4533 contextu
816 4479 882 4546 Epir,
899 4479 935 4538 ΙΙ,
952 4481 983 4532 lt
1003 4479 1061 4542 [cfr.
1080 4496 1104 4531 v.
1121 4482 1166 4533 lo:
1185 4477 1234 4548 ipae
1251 4474 1283 4533 ἐν
1300 4481 1338 4553 τῷ
1355 4482 1445 4555 καιρῷ

160 4544 260 4621 ἐκείνῳ
272 4548 380 4619 χωρὶς
391 4548 517 4620 Χριστοῦ
529 4580 564 4590 -
573 4578 607 4587 —
625 4551 670 4603 la:
687 4547 749 4601 νυνὶ
761 4545 792 4599 δὲ
802 4576 833 4584 -
845 4544 924 4619 ionic
932 4543 961 4598 οἵ
971 4562 1038 4599 ποτε
1052 4545 1130 4606 daret
1142 4542 1277 4619 μακρὰν
1292 4543 1376 4618 ἐγγὺς
1386 4543 1445 4620 e'ye·

162 4613 268 4687 vuidone
284 4646 320 4657 -
336 4647 369 4656 -
396 4623 438 4674 ll:
457 4615 538 4679 αὐτὸς
555 4614 610 4689 γάρ
629 4611 707 4671 ἐστιν
723 4613 740 4685 ἡ
757 4609 854 4690 eldl'l't
873 4645 904 4657 ··
921 4645 957 4654 ··
975 4645 1007 4655 -
1030 4646 1058 4657 -
1079 4623 1122 4670 lt:
1140 4617 1188 4677 aar*
1202 4611 1315 4675 ἐλθὼν
1334 4613 1445 4689 εὐηγγε-

162 4687 257 4740 λίσατο
276 4681 390 4757 εἰρήνην
404 4718 437 4726 -
454 4718 495 4742 -.
534 4689 743 4741 Arcessitnm
762 4686 875 4750 venit.)
913 4684 962 4739 Gir.
981 4687 1059 4739 etiam
1077 4687 1227 4753 Wiesinger
1242 4703 1268 4754 p.
1279 4689 1338 4741 tto

202 4335 208 4355 Ι

160 4412 167 4431 l
