<?xml version="1.0" encoding="UTF-8"?>
<!DOCTYPE html PUBLIC "-//W3C//DTD XHTML 1.0 Transitional//EN"
    "http://www.w3.org/TR/xhtml1/DTD/xhtml1-transitional.dtd">
<html xmlns="http://www.w3.org/1999/xhtml" xml:lang="en" lang="en">
 <head>
  <title>
</title>
<meta http-equiv="Content-Type" content="text/html;charset=utf-8" />
  <meta name='ocr-system' content='tesseract 3.04.00' />
  <meta name='ocr-capabilities' content='ocr_page ocr_carea ocr_par ocr_line ocrx_word'/>
</head>
<body>
  <div class='ocr_page' id='page_1' title='image "./petriapostolide01zezsgoog_0013.png"; bbox 0 0 3210 5228; ppageno 0'>
   <div class='ocr_carea' id='block_1_1' title="bbox 541 717 1095 999">
    <p class='ocr_par' dir='ltr' id='par_1_1' title="bbox 541 717 1095 999">
     <span class='ocr_line' id='line_1_1' title="bbox 691 717 840 791; baseline 0.007 -1"><span class='ocrx_word' id='word_1_1' title='bbox 691 723 694 727; x_wconf 77' lang='grc'>’</span> <span class='ocrx_word' id='word_1_2' title='bbox 794 717 840 791; x_wconf 92' lang='grc' dir='ltr'><strong>Π.</strong></span> 
     </span>
     <span class='ocr_line' id='line_1_2' title="bbox 541 829 1095 999; baseline -0.004 -1"><span class='ocrx_word' id='word_1_3' title='bbox 541 829 1095 999; x_wconf 77' lang='lat' dir='ltr'><strong>nxunurrorrrns</strong></span> 
     </span>
    </p>
   </div>
   <div class='ocr_carea' id='block_1_2' title="bbox 174 1145 1536 2085">
    <p class='ocr_par' dir='ltr' id='par_1_2' title="bbox 174 1145 1462 1745">
     <span class='ocr_line' id='line_1_3' title="bbox 264 1145 1462 1225; baseline -0.005 -15"><span class='ocrx_word' id='word_1_4' title='bbox 264 1149 453 1210; x_wconf 88' lang='lat' dir='ltr'><strong>Salutatione</strong></span> <span class='ocrx_word' id='word_1_5' title='bbox 477 1149 596 1210; x_wconf 84' lang='lat' dir='ltr'>solenni</span> <span class='ocrx_word' id='word_1_6' title='bbox 619 1150 786 1225; x_wconf 86' lang='lat' dir='ltr'><strong>praemissa</strong></span> <span class='ocrx_word' id='word_1_7' title='bbox 810 1149 916 1225; x_wconf 85' lang='lat' dir='ltr'><strong>incipit</strong></span> <span class='ocrx_word' id='word_1_8' title='bbox 938 1148 1023 1224; x_wconf 92' lang='lat' dir='ltr'><strong>prior</strong></span> <span class='ocrx_word' id='word_1_9' title='bbox 1042 1147 1126 1208; x_wconf 92' lang='lat' dir='ltr'><strong>Petri</strong></span> <span class='ocrx_word' id='word_1_10' title='bbox 1149 1147 1277 1223; x_wconf 89' lang='lat' dir='ltr'><strong>epistola</strong></span> <span class='ocrx_word' id='word_1_11' title='bbox 1302 1163 1318 1205; x_wconf 90' lang='lat' dir='ltr'><strong>a</strong></span> <span class='ocrx_word' id='word_1_12' title='bbox 1341 1145 1462 1222; x_wconf 89' lang='lat' dir='ltr'><strong>praedi·</strong></span> 
     </span>
     <span class='ocr_line' id='line_1_4' title="bbox 174 1233 1460 1312; baseline -0.005 -15"><span class='ocrx_word' id='word_1_13' title='bbox 174 1238 299 1297; x_wconf 87' lang='lat' dir='ltr'><strong>catione</strong></span> <span class='ocrx_word' id='word_1_14' title='bbox 335 1235 511 1312; x_wconf 88' lang='lat' dir='ltr'><strong>praeclarae</strong></span> <span class='ocrx_word' id='word_1_15' title='bbox 542 1235 786 1297; x_wconf 88' lang='lat' dir='ltr'><strong>Christianorum</strong></span> <span class='ocrx_word' id='word_1_16' title='bbox 821 1237 915 1295; x_wconf 83' lang='lat' dir='ltr'><strong>sortis</strong></span> <span class='ocrx_word' id='word_1_17' title='bbox 951 1251 1006 1311; x_wconf 91' lang='lat' dir='ltr'><strong>per</strong></span> <span class='ocrx_word' id='word_1_18' title='bbox 1031 1234 1084 1293; x_wconf 83' lang='lat' dir='ltr'><strong>Ilei</strong></span> <span class='ocrx_word' id='word_1_19' title='bbox 1113 1234 1211 1309; x_wconf 90' lang='lat' dir='ltr'><strong>patris</strong></span> <span class='ocrx_word' id='word_1_20' title='bbox 1242 1233 1460 1308; x_wconf 78' lang='lat' dir='ltr'><strong>benignitatem</strong></span> 
     </span>
     <span class='ocr_line' id='line_1_5' title="bbox 180 1321 1461 1399; baseline -0.003 -18"><span class='ocrx_word' id='word_1_21' title='bbox 180 1326 374 1398; x_wconf 70' lang='lat' dir='ltr'><strong>comparatae</strong></span> <span class='ocrx_word' id='word_1_22' title='bbox 396 1322 535 1399; x_wconf 83' lang='lat' dir='ltr'><strong>ipsisque</strong></span> <span class='ocrx_word' id='word_1_23' title='bbox 562 1323 593 1381; x_wconf 94' lang='lat' dir='ltr'><strong>in</strong></span> <span class='ocrx_word' id='word_1_24' title='bbox 622 1322 717 1381; x_wconf 91' lang='lat' dir='ltr'><strong>coelis</strong></span> <span class='ocrx_word' id='word_1_25' title='bbox 745 1321 916 1397; x_wconf 87' lang='lat' dir='ltr'><strong>repositae,</strong></span> <span class='ocrx_word' id='word_1_26' title='bbox 945 1321 1071 1380; x_wconf 89' lang='lat' dir='ltr'><strong>nitentis</strong></span> <span class='ocrx_word' id='word_1_27' title='bbox 1100 1323 1203 1379; x_wconf 88' lang='lat' dir='ltr'><strong>autem</strong></span> <span class='ocrx_word' id='word_1_28' title='bbox 1229 1321 1461 1379; x_wconf 90' lang='lat' dir='ltr'><strong>resurrectione</strong></span> 
     </span>
     <span class='ocr_line' id='line_1_6' title="bbox 180 1401 1462 1484; baseline -0.005 -15"><span class='ocrx_word' id='word_1_29' title='bbox 180 1407 308 1478; x_wconf 83' lang='lat' dir='ltr'><strong>Christi,</strong></span> <span class='ocrx_word' id='word_1_30' title='bbox 328 1424 460 1484; x_wconf 89' lang='lat' dir='ltr'><strong>quocum</strong></span> <span class='ocrx_word' id='word_1_31' title='bbox 477 1408 625 1468; x_wconf 81' lang='lat' dir='ltr'><strong>redeunte</strong></span> <span class='ocrx_word' id='word_1_32' title='bbox 642 1407 690 1466; x_wconf 93' lang='lat' dir='ltr'><strong>bis</strong></span> <span class='ocrx_word' id='word_1_33' title='bbox 709 1409 785 1484; x_wconf 89' lang='lat' dir='ltr'><strong>ipsis</strong></span> <span class='ocrx_word' id='word_1_34' title='bbox 802 1410 832 1467; x_wconf 91' lang='lat' dir='ltr'><strong>in</strong></span> <span class='ocrx_word' id='word_1_35' title='bbox 849 1406 961 1483; x_wconf 90' lang='lat' dir='ltr'><strong>quibus</strong></span> <span class='ocrx_word' id='word_1_36' title='bbox 972 1408 1034 1482; x_wconf 89' lang='lat' dir='ltr'><strong>jam</strong></span> <span class='ocrx_word' id='word_1_37' title='bbox 1050 1407 1209 1466; x_wconf 90' lang='lat' dir='ltr'><strong>constituti</strong></span> <span class='ocrx_word' id='word_1_38' title='bbox 1223 1407 1285 1465; x_wconf 89' lang='lat' dir='ltr'><strong>sint</strong></span> <span class='ocrx_word' id='word_1_39' title='bbox 1297 1401 1462 1464; x_wconf 79' lang='lat' dir='ltr'><strong>Christiani</strong></span> 
     </span>
     <span class='ocr_line' id='line_1_7' title="bbox 178 1490 1461 1571; baseline -0.004 -17"><span class='ocrx_word' id='word_1_40' title='bbox 178 1492 369 1570; x_wconf 84' lang='lat' dir='ltr'><strong>temporibus</strong></span> <span class='ocrx_word' id='word_1_41' title='bbox 394 1495 435 1553; x_wconf 90' lang='lat' dir='ltr'><strong>sit</strong></span> <span class='ocrx_word' id='word_1_42' title='bbox 457 1495 642 1571; x_wconf 74' lang='lat' dir='ltr'><strong>apparitura.</strong></span> <span class='ocrx_word' id='word_1_43' title='bbox 689 1493 784 1566; x_wconf 75' lang='lat' dir='ltr'><strong>Quam</strong></span> <span class='ocrx_word' id='word_1_44' title='bbox 807 1493 845 1552; x_wconf 93' lang='lat' dir='ltr'><strong>ad</strong></span> <span class='ocrx_word' id='word_1_45' title='bbox 869 1510 955 1569; x_wconf 91' lang='lat' dir='ltr'><strong>spem</strong></span> <span class='ocrx_word' id='word_1_46' title='bbox 979 1510 1035 1552; x_wconf 93' lang='lat' dir='ltr'><strong>cur</strong></span> <span class='ocrx_word' id='word_1_47' title='bbox 1055 1490 1188 1551; x_wconf 86' lang='lat' dir='ltr'><strong>fidelium</strong></span> <span class='ocrx_word' id='word_1_48' title='bbox 1217 1492 1309 1550; x_wconf 88' lang='lat' dir='ltr'><strong>animi</strong></span> <span class='ocrx_word' id='word_1_49' title='bbox 1332 1492 1461 1550; x_wconf 89' lang='lat' dir='ltr'><strong>maxime</strong></span> 
     </span>
     <span class='ocr_line' id='line_1_8' title="bbox 179 1577 1462 1658; baseline -0.004 -18"><span class='ocrx_word' id='word_1_50' title='bbox 179 1577 318 1656; x_wconf 88' lang='lat' dir='ltr'><strong>erigendi</strong></span> <span class='ocrx_word' id='word_1_51' title='bbox 334 1577 502 1651; x_wconf 88' lang='lat' dir='ltr'><strong>uideantur,</strong></span> <span class='ocrx_word' id='word_1_52' title='bbox 517 1581 657 1658; x_wconf 89' lang='lat' dir='ltr'><strong>proximo</strong></span> <span class='ocrx_word' id='word_1_53' title='bbox 674 1595 768 1642; x_wconf 79' lang='lat' dir='ltr'><strong>versu</strong></span> <span class='ocrx_word' id='word_1_54' title='bbox 782 1578 897 1639; x_wconf 89' lang='lat' dir='ltr'><strong>indicat</strong></span> <span class='ocrx_word' id='word_1_55' title='bbox 914 1578 1086 1656; x_wconf 89' lang='lat' dir='ltr'><strong>apostolus,</strong></span> <span class='ocrx_word' id='word_1_56' title='bbox 1104 1583 1298 1655; x_wconf 82' lang='lat' dir='ltr'><strong>praesentem</strong></span> <span class='ocrx_word' id='word_1_57' title='bbox 1316 1577 1462 1637; x_wconf 85' lang='lat' dir='ltr'><strong>Christia-</strong></span> 
     </span>
     <span class='ocr_line' id='line_1_9' title="bbox 179 1663 1411 1745; baseline -0.002 -19"><span class='ocrx_word' id='word_1_58' title='bbox 179 1682 288 1727; x_wconf 92' lang='lat' dir='ltr'><strong>norum</strong></span> <span class='ocrx_word' id='word_1_59' title='bbox 312 1669 425 1725; x_wconf 87' lang='lat' dir='ltr'><strong>statum</strong></span> <span class='ocrx_word' id='word_1_60' title='bbox 448 1664 485 1724; x_wconf 94' lang='lat' dir='ltr'><strong>ab</strong></span> <span class='ocrx_word' id='word_1_61' title='bbox 507 1666 556 1726; x_wconf 90' lang='lat' dir='ltr'><strong>illa</strong></span> <span class='ocrx_word' id='word_1_62' title='bbox 581 1671 666 1725; x_wconf 92' lang='lat' dir='ltr'><strong>sorte</strong></span> <span class='ocrx_word' id='word_1_63' title='bbox 689 1665 792 1724; x_wconf 85' lang='lat' dir='ltr'><strong>futura</strong></span> <span class='ocrx_word' id='word_1_64' title='bbox 816 1667 892 1725; x_wconf 90' lang='lat' dir='ltr'><strong>satis</strong></span> <span class='ocrx_word' id='word_1_65' title='bbox 915 1664 1068 1725; x_wconf 85' lang='lat' dir='ltr'><strong>diuersum</strong></span> <span class='ocrx_word' id='word_1_66' title='bbox 1092 1665 1198 1741; x_wconf 90' lang='lat' dir='ltr'><strong>paucis</strong></span> <span class='ocrx_word' id='word_1_67' title='bbox 1221 1663 1411 1745; x_wconf 80' lang='lat' dir='ltr'><strong>describens</strong></span> 
     </span>
    </p>

    <p class='ocr_par' dir='ltr' id='par_1_3' title="bbox 178 1749 1536 2085">
     <span class='ocr_line' id='line_1_10' title="bbox 199 1749 1462 1829; baseline -0.006 -13"><span class='ocrx_word' id='word_1_68' title='bbox 199 1812 203 1816; x_wconf 14' lang='grc' dir='ltr'><strong>Α</strong></span> <span class='ocrx_word' id='word_1_69' title='bbox 263 1750 487 1811; x_wconf 79' lang='lat' dir='ltr'><strong>Premebantur</strong></span> <span class='ocrx_word' id='word_1_70' title='bbox 510 1753 592 1812; x_wconf 89' lang='lat' dir='ltr'><strong>enim</strong></span> <span class='ocrx_word' id='word_1_71' title='bbox 614 1751 748 1812; x_wconf 89' lang='lat' dir='ltr'><strong>lectores</strong></span> <span class='ocrx_word' id='word_1_72' title='bbox 763 1751 911 1829; x_wconf 88' lang='lat' dir='ltr'><strong>epistolae</strong></span> <span class='ocrx_word' id='word_1_73' title='bbox 926 1750 1148 1811; x_wconf 80' lang='lat' dir='ltr'><strong>calamitatibus</strong></span> <span class='ocrx_word' id='word_1_74' title='bbox 1163 1749 1265 1809; x_wconf 90' lang='lat' dir='ltr'><strong>multis</strong></span> <span class='ocrx_word' id='word_1_75' title='bbox 1283 1751 1384 1826; x_wconf 92' lang='lat' dir='ltr'><strong>iisque</strong></span> <span class='ocrx_word' id='word_1_76' title='bbox 1399 1765 1462 1808; x_wconf 90' lang='lat' dir='ltr'><strong>non</strong></span> 
     </span>
     <span class='ocr_line' id='line_1_11' title="bbox 178 1834 1536 1915; baseline -0.003 -17"><span class='ocrx_word' id='word_1_77' title='bbox 178 1837 307 1908; x_wconf 84' lang='lat' dir='ltr'><strong>levibus,</strong></span> <span class='ocrx_word' id='word_1_78' title='bbox 327 1836 438 1915; x_wconf 93' lang='lat' dir='ltr'><strong>quibus</strong></span> <span class='ocrx_word' id='word_1_79' title='bbox 457 1837 495 1897; x_wconf 86' lang='lat' dir='ltr'><strong>ab</strong></span> <span class='ocrx_word' id='word_1_80' title='bbox 510 1837 695 1897; x_wconf 86' lang='lat' dir='ltr'><strong>adversariis</strong></span> <span class='ocrx_word' id='word_1_81' title='bbox 711 1838 781 1898; x_wconf 83' lang='lat' dir='ltr'><strong>fidei</strong></span> <span class='ocrx_word' id='word_1_82' title='bbox 798 1837 989 1897; x_wconf 80' lang='lat' dir='ltr'><strong>Christianae</strong></span> <span class='ocrx_word' id='word_1_83' title='bbox 1006 1837 1218 1909; x_wconf 82' lang='lat' dir='ltr'><strong>allicerentur3</strong></span> <span class='ocrx_word' id='word_1_84' title='bbox 1241 1853 1276 1896; x_wconf 93' lang='lat' dir='ltr'><strong>ac</strong></span> <span class='ocrx_word' id='word_1_85' title='bbox 1290 1834 1461 1896; x_wconf 88' lang='lat' dir='ltr'><strong>verendum</strong></span> <span class='ocrx_word' id='word_1_86' title='bbox 1529 1865 1536 1876; x_wconf 79' lang='lat'>=</span> 
     </span>
     <span class='ocr_line' id='line_1_12' title="bbox 179 1921 1462 2000; baseline -0.004 -15"><span class='ocrx_word' id='word_1_87' title='bbox 179 1926 258 1996; x_wconf 92' lang='lat' dir='ltr'><strong>erat,</strong></span> <span class='ocrx_word' id='word_1_88' title='bbox 288 1940 328 1984; x_wconf 90' lang='lat' dir='ltr'><strong>ne</strong></span> <span class='ocrx_word' id='word_1_89' title='bbox 363 1925 472 1984; x_wconf 90' lang='lat' dir='ltr'><strong>animis</strong></span> <span class='ocrx_word' id='word_1_90' title='bbox 504 1925 631 2000; x_wconf 90' lang='lat' dir='ltr'><strong>abjectis</strong></span> <span class='ocrx_word' id='word_1_91' title='bbox 662 1940 677 1982; x_wconf 91' lang='lat' dir='ltr'><strong>a</strong></span> <span class='ocrx_word' id='word_1_92' title='bbox 707 1923 767 1984; x_wconf 85' lang='lat' dir='ltr'><strong>ode</strong></span> <span class='ocrx_word' id='word_1_93' title='bbox 797 1941 913 2000; x_wconf 90' lang='lat' dir='ltr'><strong>speque</strong></span> <span class='ocrx_word' id='word_1_94' title='bbox 942 1923 1113 1983; x_wconf 88' lang='lat' dir='ltr'><strong>Christiana</strong></span> <span class='ocrx_word' id='word_1_95' title='bbox 1147 1921 1279 1999; x_wconf 91' lang='lat' dir='ltr'><strong>denique</strong></span> <span class='ocrx_word' id='word_1_96' title='bbox 1310 1921 1462 1982; x_wconf 85' lang='lat' dir='ltr'><strong>descisce-</strong></span> 
     </span>
     <span class='ocr_line' id='line_1_13' title="bbox 178 2007 1462 2085; baseline -0.004 -15"><span class='ocrx_word' id='word_1_97' title='bbox 178 2014 262 2079; x_wconf 91' lang='lat' dir='ltr'><strong>rent,</strong></span> <span class='ocrx_word' id='word_1_98' title='bbox 292 2008 323 2069; x_wconf 93' lang='lat' dir='ltr'><strong>id</strong></span> <span class='ocrx_word' id='word_1_99' title='bbox 349 2009 431 2085; x_wconf 94' lang='lat' dir='ltr'><strong>quod</strong></span> <span class='ocrx_word' id='word_1_100' title='bbox 460 2015 494 2070; x_wconf 95' lang='lat' dir='ltr'><strong>ut</strong></span> <span class='ocrx_word' id='word_1_101' title='bbox 523 2011 674 2069; x_wconf 84' lang='lat' dir='ltr'><strong>scriberet</strong></span> <span class='ocrx_word' id='word_1_102' title='bbox 704 2009 740 2068; x_wconf 90' lang='lat' dir='ltr'><strong>ad</strong></span> <span class='ocrx_word' id='word_1_103' title='bbox 769 2026 824 2070; x_wconf 93' lang='lat' dir='ltr'><strong>eos</strong></span> <span class='ocrx_word' id='word_1_104' title='bbox 852 2012 981 2069; x_wconf 81' lang='lat' dir='ltr'><strong>maxime</strong></span> <span class='ocrx_word' id='word_1_105' title='bbox 1004 2027 1038 2069; x_wconf 90' lang='lat' dir='ltr'><strong>se</strong></span> <span class='ocrx_word' id='word_1_106' title='bbox 1062 2010 1265 2069; x_wconf 90' lang='lat' dir='ltr'><strong>commovisse</strong></span> <span class='ocrx_word' id='word_1_107' title='bbox 1289 2007 1346 2068; x_wconf 88' lang='lat' dir='ltr'><strong>sub</strong></span> <span class='ocrx_word' id='word_1_108' title='bbox 1369 2007 1462 2066; x_wconf 88' lang='lat' dir='ltr'><strong>finem</strong></span> 
     </span>
    </p>
   </div>
   <div class='ocr_carea' id='block_1_3' title="bbox 65 2083 1463 2173">
    <p class='ocr_par' dir='ltr' id='par_1_4' title="bbox 65 2083 1463 2173">
     <span class='ocr_line' id='line_1_14' title="bbox 65 2083 1463 2173; baseline -0.003 -17"><span class='ocrx_word' id='word_1_109' title='bbox 65 2164 68 2171; x_wconf 50' lang='grc'><em>,</em></span> <span class='ocrx_word' id='word_1_110' title='bbox 125 2099 128 2102; x_wconf 69' lang='grc'><em>”</em></span> <span class='ocrx_word' id='word_1_111' title='bbox 179 2097 330 2173; x_wconf 90' lang='lat' dir='ltr'><strong>epistolae</strong></span> <span class='ocrx_word' id='word_1_112' title='bbox 354 2095 513 2171; x_wconf 89' lang='lat' dir='ltr'><strong>apostolus</strong></span> <span class='ocrx_word' id='word_1_113' title='bbox 536 2098 603 2173; x_wconf 90' lang='lat' dir='ltr'><strong>ipse</strong></span> <span class='ocrx_word' id='word_1_114' title='bbox 627 2095 731 2172; x_wconf 92' lang='lat' dir='ltr'><strong>prodit</strong></span> <span class='ocrx_word' id='word_1_115' title='bbox 754 2096 804 2172; x_wconf 86' lang='lat' dir='ltr'><strong>(V,</strong></span> <span class='ocrx_word' id='word_1_116' title='bbox 830 2096 895 2171; x_wconf 81' lang='lat'><strong>12).</strong></span> <span class='ocrx_word' id='word_1_117' title='bbox 940 2095 986 2155; x_wconf 86' lang='lat' dir='ltr'><strong>Ab</strong></span> <span class='ocrx_word' id='word_1_118' title='bbox 1009 2096 1095 2154; x_wconf 88' lang='lat' dir='ltr'><strong>initio</strong></span> <span class='ocrx_word' id='word_1_119' title='bbox 1119 2099 1234 2165; x_wconf 88' lang='lat' dir='ltr'><strong>autem,</strong></span> <span class='ocrx_word' id='word_1_120' title='bbox 1263 2083 1315 2153; x_wconf 88' lang='lat' dir='ltr'><strong>ubi</strong></span> <span class='ocrx_word' id='word_1_121' title='bbox 1343 2093 1463 2152; x_wconf 88' lang='lat' dir='ltr'><strong>calami-</strong></span> 
     </span>
    </p>
   </div>
   <div class='ocr_carea' id='block_1_4' title="bbox 141 2181 1465 3376">
    <p class='ocr_par' dir='ltr' id='par_1_5' title="bbox 141 2181 1465 3291">
     <span class='ocr_line' id='line_1_15' title="bbox 141 2181 1461 2258; baseline -0.002 -17"><span class='ocrx_word' id='word_1_122' title='bbox 141 2203 143 2209; x_wconf 49' lang='lat'><em>*</em></span> <span class='ocrx_word' id='word_1_123' title='bbox 178 2187 258 2242; x_wconf 88' lang='lat' dir='ltr'><strong>tates</strong></span> <span class='ocrx_word' id='word_1_124' title='bbox 293 2183 371 2241; x_wconf 90' lang='lat' dir='ltr'><strong>istae</strong></span> <span class='ocrx_word' id='word_1_125' title='bbox 408 2198 469 2241; x_wconf 94' lang='lat' dir='ltr'><strong>non</strong></span> <span class='ocrx_word' id='word_1_126' title='bbox 504 2185 676 2242; x_wconf 89' lang='lat' dir='ltr'><strong>accuratius</strong></span> <span class='ocrx_word' id='word_1_127' title='bbox 711 2181 912 2254; x_wconf 82' lang='lat' dir='ltr'><strong>deliniuntur,</strong></span> <span class='ocrx_word' id='word_1_128' title='bbox 948 2183 1024 2240; x_wconf 90' lang='lat' dir='ltr'><strong>satis</strong></span> <span class='ocrx_word' id='word_1_129' title='bbox 1056 2182 1155 2239; x_wconf 87' lang='lat' dir='ltr'><strong>visum</strong></span> <span class='ocrx_word' id='word_1_130' title='bbox 1189 2186 1238 2241; x_wconf 90' lang='lat' dir='ltr'><strong>est</strong></span> <span class='ocrx_word' id='word_1_131' title='bbox 1271 2183 1461 2258; x_wconf 87' lang='lat' dir='ltr'><strong>argumenta,</strong></span> 
     </span>
     <span class='ocr_line' id='line_1_16' title="bbox 179 2265 1463 2345; baseline -0.002 -19"><span class='ocrx_word' id='word_1_132' title='bbox 179 2265 292 2345; x_wconf 90' lang='lat' dir='ltr'><strong>quibus</strong></span> <span class='ocrx_word' id='word_1_133' title='bbox 315 2269 572 2328; x_wconf 88' lang='lat' dir='ltr'><strong>confirmarentur</strong></span> <span class='ocrx_word' id='word_1_134' title='bbox 599 2267 749 2339; x_wconf 89' lang='lat' dir='ltr'><strong>lectores,</strong></span> <span class='ocrx_word' id='word_1_135' title='bbox 780 2272 888 2344; x_wconf 89' lang='lat' dir='ltr'><strong>petere</strong></span> <span class='ocrx_word' id='word_1_136' title='bbox 917 2272 977 2327; x_wconf 90' lang='lat' dir='ltr'><strong>tam</strong></span> <span class='ocrx_word' id='word_1_137' title='bbox 1006 2286 1022 2327; x_wconf 92' lang='lat' dir='ltr'><strong>a</strong></span> <span class='ocrx_word' id='word_1_138' title='bbox 1049 2268 1198 2342; x_wconf 91' lang='lat' dir='ltr'><strong>temporis</strong></span> <span class='ocrx_word' id='word_1_139' title='bbox 1226 2266 1377 2326; x_wconf 88' lang='lat' dir='ltr'><strong>breuitate</strong></span> <span class='ocrx_word' id='word_1_140' title='bbox 1406 2282 1463 2341; x_wconf 90' lang='lat' dir='ltr'><strong>per</strong></span> 
     </span>
     <span class='ocr_line' id='line_1_17' title="bbox 180 2351 1463 2431; baseline -0.001 -20"><span class='ocrx_word' id='word_1_141' title='bbox 180 2352 263 2431; x_wconf 93' lang='lat' dir='ltr'><strong>quod</strong></span> <span class='ocrx_word' id='word_1_142' title='bbox 288 2355 411 2412; x_wconf 91' lang='lat' dir='ltr'><strong>omnino</strong></span> <span class='ocrx_word' id='word_1_143' title='bbox 440 2353 510 2413; x_wconf 93' lang='lat' dir='ltr'><strong>talia</strong></span> <span class='ocrx_word' id='word_1_144' title='bbox 533 2353 715 2430; x_wconf 82' lang='lat' dir='ltr'><strong>perferenda</strong></span> <span class='ocrx_word' id='word_1_145' title='bbox 740 2358 860 2424; x_wconf 90' lang='lat' dir='ltr'><strong>essent,</strong></span> <span class='ocrx_word' id='word_1_146' title='bbox 890 2371 979 2430; x_wconf 89' lang='lat' dir='ltr'><strong>qnam</strong></span> <span class='ocrx_word' id='word_1_147' title='bbox 1002 2372 1019 2412; x_wconf 93' lang='lat' dir='ltr'><strong>a</strong></span> <span class='ocrx_word' id='word_1_148' title='bbox 1047 2353 1149 2412; x_wconf 85' lang='lat' dir='ltr'><strong>fructu</strong></span> <span class='ocrx_word' id='word_1_149' title='bbox 1177 2354 1229 2429; x_wconf 94' lang='lat' dir='ltr'><strong>qui</strong></span> <span class='ocrx_word' id='word_1_150' title='bbox 1259 2351 1329 2411; x_wconf 91' lang='lat' dir='ltr'><strong>inde</strong></span> <span class='ocrx_word' id='word_1_151' title='bbox 1352 2353 1383 2410; x_wconf 90' lang='lat' dir='ltr'><strong>iu</strong></span> <span class='ocrx_word' id='word_1_152' title='bbox 1407 2367 1463 2411; x_wconf 91' lang='lat' dir='ltr'><strong>eos</strong></span> 
     </span>
     <span class='ocr_line' id='line_1_18' title="bbox 178 2437 1463 2516; baseline -0.001 -18"><span class='ocrx_word' id='word_1_153' title='bbox 178 2437 379 2512; x_wconf 87' lang='lat' dir='ltr'><strong>redundaret,</strong></span> <span class='ocrx_word' id='word_1_154' title='bbox 404 2443 457 2516; x_wconf 92' lang='lat' dir='ltr'><strong>qni</strong></span> <span class='ocrx_word' id='word_1_155' title='bbox 481 2457 518 2499; x_wconf 86' lang='lat' dir='ltr'><strong>ex</strong></span> <span class='ocrx_word' id='word_1_156' title='bbox 531 2440 596 2499; x_wconf 75' lang='lat' dir='ltr'><strong>Dei</strong></span> <span class='ocrx_word' id='word_1_157' title='bbox 620 2438 777 2500; x_wconf 87' lang='lat' dir='ltr'><strong>voluntate</strong></span> <span class='ocrx_word' id='word_1_158' title='bbox 800 2441 954 2516; x_wconf 87' lang='lat' dir='ltr'><strong>patienter</strong></span> <span class='ocrx_word' id='word_1_159' title='bbox 972 2443 1212 2516; x_wconf 84' lang='lat' dir='ltr'><strong>constanterque</strong></span> <span class='ocrx_word' id='word_1_160' title='bbox 1229 2441 1260 2496; x_wconf 94' lang='lat' dir='ltr'><strong>in</strong></span> <span class='ocrx_word' id='word_1_161' title='bbox 1279 2437 1338 2498; x_wconf 89' lang='lat' dir='ltr'><strong>lide</strong></span> <span class='ocrx_word' id='word_1_162' title='bbox 1356 2454 1463 2514; x_wconf 89' lang='lat' dir='ltr'><strong>perse·</strong></span> 
     </span>
     <span class='ocr_line' id='line_1_19' title="bbox 178 2523 1462 2599; baseline -0.003 -13"><span class='ocrx_word' id='word_1_163' title='bbox 178 2531 324 2587; x_wconf 82' lang='lat' dir='ltr'><strong>verantes</strong></span> <span class='ocrx_word' id='word_1_164' title='bbox 348 2525 424 2584; x_wconf 92' lang='lat' dir='ltr'><strong>mala</strong></span> <span class='ocrx_word' id='word_1_165' title='bbox 448 2527 647 2585; x_wconf 74' lang='lat' dir='ltr'><strong>sustinerent,</strong></span> <span class='ocrx_word' id='word_1_166' title='bbox 681 2526 822 2586; x_wconf 81' lang='lat' dir='ltr'><strong>Fructum</strong></span> <span class='ocrx_word' id='word_1_167' title='bbox 846 2531 949 2586; x_wconf 90' lang='lat' dir='ltr'><strong>autem</strong></span> <span class='ocrx_word' id='word_1_168' title='bbox 970 2524 1042 2585; x_wconf 89' lang='lat' dir='ltr'><strong>dicit</strong></span> <span class='ocrx_word' id='word_1_169' title='bbox 1053 2528 1144 2585; x_wconf 87' lang='lat' dir='ltr'><strong>istam</strong></span> <span class='ocrx_word' id='word_1_170' title='bbox 1162 2523 1313 2599; x_wconf 85' lang='lat' dir='ltr'><strong>mercedis</strong></span> <span class='ocrx_word' id='word_1_171' title='bbox 1332 2523 1462 2599; x_wconf 86' lang='lat' dir='ltr'><strong>gloriae·</strong></span> 
     </span>
     <span class='ocr_line' id='line_1_20' title="bbox 179 2609 1463 2689; baseline -0.002 -18"><span class='ocrx_word' id='word_1_172' title='bbox 179 2629 239 2689; x_wconf 93' lang='lat' dir='ltr'><strong>que</strong></span> <span class='ocrx_word' id='word_1_173' title='bbox 263 2627 332 2670; x_wconf 90' lang='lat' dir='ltr'><strong>cum</strong></span> <span class='ocrx_word' id='word_1_174' title='bbox 349 2610 472 2671; x_wconf 89' lang='lat' dir='ltr'><strong>Christo</strong></span> <span class='ocrx_word' id='word_1_175' title='bbox 488 2611 637 2671; x_wconf 91' lang='lat' dir='ltr'><strong>redeunte</strong></span> <span class='ocrx_word' id='word_1_176' title='bbox 652 2613 773 2672; x_wconf 83' lang='lat' dir='ltr'><strong>futurae</strong></span> <span class='ocrx_word' id='word_1_177' title='bbox 798 2629 884 2688; x_wconf 89' lang='lat' dir='ltr'><strong>spem</strong></span> <span class='ocrx_word' id='word_1_178' title='bbox 908 2612 1003 2672; x_wconf 77' lang='lat' dir='ltr'><strong>inulto</strong></span> <span class='ocrx_word' id='word_1_179' title='bbox 1027 2614 1117 2672; x_wconf 91' lang='lat' dir='ltr'><strong>etiam</strong></span> <span class='ocrx_word' id='word_1_180' title='bbox 1137 2613 1284 2687; x_wconf 88' lang='lat' dir='ltr'><strong>majorem</strong></span> <span class='ocrx_word' id='word_1_181' title='bbox 1304 2627 1339 2670; x_wconf 94' lang='lat' dir='ltr'><strong>ac</strong></span> <span class='ocrx_word' id='word_1_182' title='bbox 1356 2609 1463 2670; x_wconf 90' lang='lat' dir='ltr'><strong>laetio-</strong></span> 
     </span>
     <span class='ocr_line' id='line_1_21' title="bbox 178 2693 1464 2779; baseline -0.002 -22"><span class='ocrx_word' id='word_1_183' title='bbox 178 2714 244 2757; x_wconf 91' lang='lat' dir='ltr'><strong>rem</strong></span> <span class='ocrx_word' id='word_1_184' title='bbox 267 2693 465 2774; x_wconf 86' lang='lat' dir='ltr'><strong>affulgentem</strong></span> <span class='ocrx_word' id='word_1_185' title='bbox 488 2697 677 2758; x_wconf 88' lang='lat' dir='ltr'><strong>calamitates</strong></span> <span class='ocrx_word' id='word_1_186' title='bbox 701 2699 875 2779; x_wconf 80' lang='lat' dir='ltr'><strong>perpessis,</strong></span> <span class='ocrx_word' id='word_1_187' title='bbox 903 2699 999 2758; x_wconf 89' lang='lat' dir='ltr'><strong>immo</strong></span> <span class='ocrx_word' id='word_1_188' title='bbox 1018 2699 1116 2776; x_wconf 88' lang='lat' dir='ltr'><strong>ipsam</strong></span> <span class='ocrx_word' id='word_1_189' title='bbox 1140 2698 1309 2757; x_wconf 90' lang='lat' dir='ltr'><strong>animarum</strong></span> <span class='ocrx_word' id='word_1_190' title='bbox 1333 2697 1464 2756; x_wconf 86' lang='lat' dir='ltr'><strong>salutem</strong></span> 
     </span>
     <span class='ocr_line' id='line_1_22' title="bbox 172 2778 1463 2861; baseline -0.002 -19"><span class='ocrx_word' id='word_1_191' title='bbox 172 2778 337 2844; x_wconf 80' lang='lat' dir='ltr'><strong>&#39;aeternam</strong></span> <span class='ocrx_word' id='word_1_192' title='bbox 360 2783 426 2843; x_wconf 88' lang='lat' dir='ltr'><strong>sola</strong></span> <span class='ocrx_word' id='word_1_193' title='bbox 449 2781 509 2843; x_wconf 83' lang='lat' dir='ltr'><strong>fide</strong></span> <span class='ocrx_word' id='word_1_194' title='bbox 532 2784 597 2843; x_wconf 86' lang='lat' dir='ltr'><strong>Deo</strong></span> <span class='ocrx_word' id='word_1_195' title='bbox 620 2784 816 2861; x_wconf 90' lang='lat' dir='ltr'><strong>comprobata</strong></span> <span class='ocrx_word' id='word_1_196' title='bbox 841 2783 1066 2861; x_wconf 87' lang='lat' dir='ltr'><strong>acquirendam.</strong></span> <span class='ocrx_word' id='word_1_197' title='bbox 1102 2784 1168 2857; x_wconf 76' lang='lat' dir='ltr'><strong>Quo</strong></span> <span class='ocrx_word' id='word_1_198' title='bbox 1188 2801 1226 2843; x_wconf 86' lang='lat' dir='ltr'><strong>ex</strong></span> <span class='ocrx_word' id='word_1_199' title='bbox 1252 2782 1374 2860; x_wconf 90' lang='lat' dir='ltr'><strong>prologi</strong></span> <span class='ocrx_word' id='word_1_200' title='bbox 1392 2781 1463 2854; x_wconf 88' lang='lat' dir='ltr'><strong>fine,</strong></span> 
     </span>
     <span class='ocr_line' id='line_1_23' title="bbox 179 2866 1465 2947; baseline -0.002 -19"><span class='ocrx_word' id='word_1_201' title='bbox 179 2867 254 2946; x_wconf 92' lang='lat' dir='ltr'><strong>quid</strong></span> <span class='ocrx_word' id='word_1_202' title='bbox 278 2867 446 2928; x_wconf 88' lang='lat' dir='ltr'><strong>decorum</strong></span> <span class='ocrx_word' id='word_1_203' title='bbox 470 2874 571 2940; x_wconf 84' lang='lat' dir='ltr'><strong>sorte,</strong></span> <span class='ocrx_word' id='word_1_204' title='bbox 596 2872 649 2946; x_wconf 93' lang='lat' dir='ltr'><strong>qui</strong></span> <span class='ocrx_word' id='word_1_205' title='bbox 672 2888 734 2930; x_wconf 92' lang='lat' dir='ltr'><strong>non</strong></span> <span class='ocrx_word' id='word_1_206' title='bbox 757 2870 856 2931; x_wconf 90' lang='lat' dir='ltr'><strong>solum</strong></span> <span class='ocrx_word' id='word_1_207' title='bbox 879 2872 942 2947; x_wconf 89' lang='lat' dir='ltr'><strong>ipsi</strong></span> <span class='ocrx_word' id='word_1_208' title='bbox 962 2869 1034 2934; x_wconf 89' lang='lat' dir='ltr'><strong>lidei</strong></span> <span class='ocrx_word' id='word_1_209' title='bbox 1056 2874 1288 2945; x_wconf 90' lang='lat' dir='ltr'><strong>contemptores</strong></span> <span class='ocrx_word' id='word_1_210' title='bbox 1311 2866 1367 2928; x_wconf 91' lang='lat' dir='ltr'><strong>sed</strong></span> <span class='ocrx_word' id='word_1_211' title='bbox 1389 2866 1465 2926; x_wconf 87' lang='lat' dir='ltr'><strong>lide-</strong></span> 
     </span>
     <span class='ocr_line' id='line_1_24' title="bbox 179 2946 1464 3034; baseline -0.002 -19"><span class='ocrx_word' id='word_1_212' title='bbox 179 2953 253 3015; x_wconf 91' lang='lat' dir='ltr'><strong>lium</strong></span> <span class='ocrx_word' id='word_1_213' title='bbox 271 2952 441 3015; x_wconf 84' lang='lat' dir='ltr'><strong>aduersarii</strong></span> <span class='ocrx_word' id='word_1_214' title='bbox 459 2959 490 3015; x_wconf 93' lang='lat' dir='ltr'><strong>et</strong></span> <span class='ocrx_word' id='word_1_215' title='bbox 507 2960 727 3032; x_wconf 86' lang='lat' dir='ltr'><strong>persecutores</strong></span> <span class='ocrx_word' id='word_1_216' title='bbox 746 2956 930 3034; x_wconf 86' lang='lat' dir='ltr'><strong>deprehensi</strong></span> <span class='ocrx_word' id='word_1_217' title='bbox 947 2946 1066 3017; x_wconf 66' lang='lat' dir='ltr'><strong>erunt&#39;a</strong></span> <span class='ocrx_word' id='word_1_218' title='bbox 1082 2956 1204 3016; x_wconf 89' lang='lat' dir='ltr'><strong>Christo</strong></span> <span class='ocrx_word' id='word_1_219' title='bbox 1222 2954 1464 3024; x_wconf 79' lang='lat' dir='ltr'><strong>redeunte„sta-</strong></span> 
     </span>
     <span class='ocr_line' id='line_1_25' title="bbox 178 3039 1464 3120; baseline -0.002 -19"><span class='ocrx_word' id='word_1_220' title='bbox 178 3039 325 3102; x_wconf 89' lang='lat' dir='ltr'><strong>tuendum</strong></span> <span class='ocrx_word' id='word_1_221' title='bbox 349 3044 390 3100; x_wconf 91' lang='lat' dir='ltr'><strong>sit</strong></span> <span class='ocrx_word' id='word_1_222' title='bbox 413 3040 528 3101; x_wconf 89' lang='lat' dir='ltr'><strong>ePetri</strong></span> <span class='ocrx_word' id='word_1_223' title='bbox 545 3045 655 3120; x_wconf 89' lang='lat' dir='ltr'><strong>mente,</strong></span> <span class='ocrx_word' id='word_1_224' title='bbox 679 3043 766 3102; x_wconf 82' lang='lat' dir='ltr'><strong>facile</strong></span> <span class='ocrx_word' id='word_1_225' title='bbox 785 3045 849 3120; x_wconf 89' lang='lat' dir='ltr'><strong>jam</strong></span> <span class='ocrx_word' id='word_1_226' title='bbox 867 3042 1035 3118; x_wconf 81' lang='lat' dir='ltr'><strong>intelligas,</strong></span> <span class='ocrx_word' id='word_1_227' title='bbox 1047 3039 1236 3119; x_wconf 69' lang='lat' dir='ltr'><strong>&#39;quamquam</strong></span> <span class='ocrx_word' id='word_1_228' title='bbox 1256 3040 1380 3100; x_wconf 87' lang='lat' dir='ltr'><strong>disertis</strong></span> <span class='ocrx_word' id='word_1_229' title='bbox 1396 3056 1464 3099; x_wconf 87' lang='lat' dir='ltr'><strong>uer-</strong></span> 
     </span>
     <span class='ocr_line' id='line_1_26' title="bbox 179 3126 1465 3208; baseline 0 -22"><span class='ocrx_word' id='word_1_230' title='bbox 179 3126 228 3187; x_wconf 91' lang='lat' dir='ltr'><strong>bis</strong></span> <span class='ocrx_word' id='word_1_231' title='bbox 247 3128 278 3187; x_wconf 89' lang='lat' dir='ltr'><strong>in</strong></span> <span class='ocrx_word' id='word_1_232' title='bbox 297 3126 505 3189; x_wconf 90' lang='lat' dir='ltr'><strong>concludenda</strong></span> <span class='ocrx_word' id='word_1_233' title='bbox 522 3127 658 3199; x_wconf 88' lang='lat' dir='ltr'><strong>demum,</strong></span> <span class='ocrx_word' id='word_1_234' title='bbox 683 3146 761 3206; x_wconf 88' lang='lat' dir='ltr'><strong>quae</strong></span> <span class='ocrx_word' id='word_1_235' title='bbox 779 3146 836 3208; x_wconf 91' lang='lat' dir='ltr'><strong>per</strong></span> <span class='ocrx_word' id='word_1_236' title='bbox 855 3128 1016 3204; x_wconf 88' lang='lat' dir='ltr'><strong>epistolam</strong></span> <span class='ocrx_word' id='word_1_237' title='bbox 1036 3133 1132 3188; x_wconf 91' lang='lat' dir='ltr'><strong>totam</strong></span> <span class='ocrx_word' id='word_1_238' title='bbox 1151 3126 1284 3196; x_wconf 79' lang='lat' dir='ltr'><strong>obtinet,</strong></span> <span class='ocrx_word' id='word_1_239' title='bbox 1302 3143 1465 3203; x_wconf 89' lang='lat' dir='ltr'><strong>argumen-</strong></span> 
     </span>
     <span class='ocr_line' id='line_1_27' title="bbox 178 3211 1462 3291; baseline 0.002 -20"><span class='ocrx_word' id='word_1_240' title='bbox 178 3213 294 3272; x_wconf 87' lang='lat' dir='ltr'><strong>tatione</strong></span> <span class='ocrx_word' id='word_1_241' title='bbox 314 3212 392 3273; x_wconf 89' lang='lat' dir='ltr'><strong>hanc</strong></span> <span class='ocrx_word' id='word_1_242' title='bbox 404 3213 530 3273; x_wconf 91' lang='lat' dir='ltr'><strong>alteram</strong></span> <span class='ocrx_word' id='word_1_243' title='bbox 544 3212 762 3290; x_wconf 87' lang='lat' dir='ltr'><strong>disputationis</strong></span> <span class='ocrx_word' id='word_1_244' title='bbox 774 3219 893 3291; x_wconf 92' lang='lat' dir='ltr'><strong>partem</strong></span> <span class='ocrx_word' id='word_1_245' title='bbox 905 3216 1070 3274; x_wconf 90' lang='lat' dir='ltr'><strong>nervosius</strong></span> <span class='ocrx_word' id='word_1_246' title='bbox 1091 3212 1235 3290; x_wconf 89' lang='lat' dir='ltr'><strong>adjungit.</strong></span> <span class='ocrx_word' id='word_1_247' title='bbox 1259 3213 1317 3288; x_wconf 80' lang='lat' dir='ltr'><strong>(iv,</strong></span> <span class='ocrx_word' id='word_1_248' title='bbox 1334 3215 1381 3274; x_wconf 81' lang='lat'><strong>17.</strong></span> <span class='ocrx_word' id='word_1_249' title='bbox 1399 3211 1462 3288; x_wconf 84' lang='lat'>18.)</span> 
     </span>
    </p>

    <p class='ocr_par' dir='ltr' id='par_1_6' title="bbox 265 3297 1462 3376">
     <span class='ocr_line' id='line_1_28' title="bbox 265 3297 1462 3376; baseline 0.002 -21"><span class='ocrx_word' id='word_1_250' title='bbox 265 3297 318 3357; x_wconf 92' lang='lat' dir='ltr'><strong>llla</strong></span> <span class='ocrx_word' id='word_1_251' title='bbox 341 3304 443 3358; x_wconf 89' lang='lat' dir='ltr'><strong>autem</strong></span> <span class='ocrx_word' id='word_1_252' title='bbox 467 3299 504 3361; x_wconf 92' lang='lat' dir='ltr'><strong>de</strong></span> <span class='ocrx_word' id='word_1_253' title='bbox 528 3316 583 3375; x_wconf 90' lang='lat' dir='ltr'><strong>spe</strong></span> <span class='ocrx_word' id='word_1_254' title='bbox 607 3307 642 3361; x_wconf 94' lang='lat' dir='ltr'><strong>ut</strong></span> <span class='ocrx_word' id='word_1_255' title='bbox 664 3303 815 3361; x_wconf 85' lang='lat' dir='ltr'><strong>certiores</strong></span> <span class='ocrx_word' id='word_1_256' title='bbox 838 3303 930 3360; x_wconf 88' lang='lat' dir='ltr'><strong>etiam</strong></span> <span class='ocrx_word' id='word_1_257' title='bbox 952 3301 1027 3360; x_wconf 88' lang='lat' dir='ltr'><strong>liant</strong></span> <span class='ocrx_word' id='word_1_258' title='bbox 1049 3301 1199 3370; x_wconf 75' lang='lat' dir='ltr'><strong>lectoren,</strong></span> <span class='ocrx_word' id='word_1_259' title='bbox 1229 3297 1265 3356; x_wconf 91' lang='lat' dir='ltr'><strong>ad</strong></span> <span class='ocrx_word' id='word_1_260' title='bbox 1294 3297 1462 3376; x_wconf 90' lang='lat' dir='ltr'><strong>propheta·</strong></span> 
     </span>
    </p>
   </div>
   <div class='ocr_carea' id='block_1_5' title="bbox 178 3384 1560 3464">
    <p class='ocr_par' dir='ltr' id='par_1_7' title="bbox 178 3384 1560 3464">
     <span class='ocr_line' id='line_1_29' title="bbox 178 3384 1560 3464; baseline 0.004 -21"><span class='ocrx_word' id='word_1_261' title='bbox 178 3400 246 3443; x_wconf 89' lang='lat' dir='ltr'><strong>rum</strong></span> <span class='ocrx_word' id='word_1_262' title='bbox 269 3384 412 3443; x_wconf 88' lang='lat' dir='ltr'><strong>uaticinia</strong></span> <span class='ocrx_word' id='word_1_263' title='bbox 435 3385 594 3462; x_wconf 88' lang='lat' dir='ltr'><strong>apostolus</strong></span> <span class='ocrx_word' id='word_1_264' title='bbox 618 3385 758 3464; x_wconf 84' lang='lat' dir='ltr'><strong>ablegat,</strong></span> <span class='ocrx_word' id='word_1_265' title='bbox 783 3389 896 3463; x_wconf 92' lang='lat' dir='ltr'><strong>quippe</strong></span> <span class='ocrx_word' id='word_1_266' title='bbox 920 3388 987 3463; x_wconf 92' lang='lat' dir='ltr'><strong>qui,</strong></span> <span class='ocrx_word' id='word_1_267' title='bbox 1017 3403 1107 3464; x_wconf 91' lang='lat' dir='ltr'><strong>quam</strong></span> <span class='ocrx_word' id='word_1_268' title='bbox 1138 3386 1197 3462; x_wconf 92' lang='lat' dir='ltr'><strong>ipsi</strong></span> <span class='ocrx_word' id='word_1_269' title='bbox 1220 3386 1371 3460; x_wconf 86' lang='lat' dir='ltr'><strong>flagrante</strong></span> <span class='ocrx_word' id='word_1_270' title='bbox 1393 3400 1463 3444; x_wconf 87' lang='lat' dir='ltr'><strong>cum</strong></span> <span class='ocrx_word' id='word_1_271' title='bbox 1557 3437 1560 3449; x_wconf 58' lang='lat'><strong>,</strong></span> 
     </span>
    </p>
   </div>
   <div class='ocr_carea' id='block_1_6' title="bbox 158 3467 1509 3894">
    <p class='ocr_par' dir='ltr' id='par_1_8' title="bbox 158 3467 1509 3894">
     <span class='ocr_line' id='line_1_30' title="bbox 180 3467 1464 3549; baseline 0 -19"><span class='ocrx_word' id='word_1_272' title='bbox 180 3467 335 3531; x_wconf 87' lang='lat' dir='ltr'><strong>desiderio</strong></span> <span class='ocrx_word' id='word_1_273' title='bbox 365 3472 474 3530; x_wconf 90' lang='lat' dir='ltr'><strong>sectati</strong></span> <span class='ocrx_word' id='word_1_274' title='bbox 504 3477 612 3531; x_wconf 90' lang='lat' dir='ltr'><strong>essent</strong></span> <span class='ocrx_word' id='word_1_275' title='bbox 634 3488 736 3549; x_wconf 89' lang='lat' dir='ltr'><strong>spem,</strong></span> <span class='ocrx_word' id='word_1_276' title='bbox 766 3490 833 3532; x_wconf 90' lang='lat' dir='ltr'><strong>eam</strong></span> <span class='ocrx_word' id='word_1_277' title='bbox 863 3471 910 3532; x_wconf 90' lang='lat' dir='ltr'><strong>bis</strong></span> <span class='ocrx_word' id='word_1_278' title='bbox 941 3476 992 3549; x_wconf 92' lang='lat' dir='ltr'><strong>qui</strong></span> <span class='ocrx_word' id='word_1_279' title='bbox 1011 3475 1075 3548; x_wconf 88' lang='lat' dir='ltr'><strong>jam</strong></span> <span class='ocrx_word' id='word_1_280' title='bbox 1098 3473 1252 3530; x_wconf 90' lang='lat' dir='ltr'><strong>instarent</strong></span> <span class='ocrx_word' id='word_1_281' title='bbox 1276 3470 1385 3531; x_wconf 90' lang='lat' dir='ltr'><strong>diebus</strong></span> <span class='ocrx_word' id='word_1_282' title='bbox 1411 3468 1464 3530; x_wconf 82' lang='lat' dir='ltr'><strong>ob</strong></span> 
     </span>
     <span class='ocr_line' id='line_1_31' title="bbox 178 3554 1509 3635; baseline 0.001 -19"><span class='ocrx_word' id='word_1_283' title='bbox 178 3554 335 3616; x_wconf 88' lang='lat' dir='ltr'><strong>tinendam</strong></span> <span class='ocrx_word' id='word_1_284' title='bbox 353 3555 422 3614; x_wconf 86' lang='lat' dir='ltr'><strong>fore</strong></span> <span class='ocrx_word' id='word_1_285' title='bbox 439 3555 662 3632; x_wconf 83' lang='lat' dir='ltr'><strong>praedixerint,</strong></span> <span class='ocrx_word' id='word_1_286' title='bbox 686 3575 885 3635; x_wconf 82' lang='lat' dir='ltr'><strong>requerere</strong></span> <span class='ocrx_word' id='word_1_287' title='bbox 908 3576 985 3634; x_wconf 88' lang='lat' dir='ltr'><strong>quas</strong></span> <span class='ocrx_word' id='word_1_288' title='bbox 1006 3563 1077 3618; x_wconf 91' lang='lat' dir='ltr'><strong>ante</strong></span> <span class='ocrx_word' id='word_1_289' title='bbox 1101 3557 1229 3633; x_wconf 81' lang='lat' dir='ltr'><strong>gloriam</strong></span> <span class='ocrx_word' id='word_1_290' title='bbox 1252 3574 1321 3617; x_wconf 91' lang='lat' dir='ltr'><strong>cum</strong></span> <span class='ocrx_word' id='word_1_291' title='bbox 1342 3556 1464 3617; x_wconf 85' lang='lat' dir='ltr'><strong>Christo</strong></span> <span class='ocrx_word' id='word_1_292' title='bbox 1506 3561 1509 3565; x_wconf 53' lang='lat'><strong>⁴</strong></span> 
     </span>
     <span class='ocr_line' id='line_1_32' title="bbox 180 3636 1466 3722; baseline 0 -20"><span class='ocrx_word' id='word_1_293' title='bbox 180 3639 405 3718; x_wconf 86' lang='lat' dir='ltr'><strong>assequendam</strong></span> <span class='ocrx_word' id='word_1_294' title='bbox 433 3643 628 3703; x_wconf 84' lang='lat' dir='ltr'><strong>&#39;offensiones</strong></span> <span class='ocrx_word' id='word_1_295' title='bbox 663 3647 784 3722; x_wconf 89' lang='lat' dir='ltr'><strong>perpeti</strong></span> <span class='ocrx_word' id='word_1_296' title='bbox 817 3636 966 3705; x_wconf 89' lang='lat' dir='ltr'><strong>deberent</strong></span> <span class='ocrx_word' id='word_1_297' title='bbox 996 3647 1102 3721; x_wconf 90' lang='lat' dir='ltr'><strong>quiqui</strong></span> <span class='ocrx_word' id='word_1_298' title='bbox 1132 3643 1255 3704; x_wconf 89' lang='lat' dir='ltr'><strong>Christo</strong></span> <span class='ocrx_word' id='word_1_299' title='bbox 1283 3645 1386 3703; x_wconf 85' lang='lat' dir='ltr'><strong>forent</strong></span> <span class='ocrx_word' id='word_1_300' title='bbox 1414 3641 1466 3702; x_wconf 87' lang='lat' dir='ltr'><strong>ad·</strong></span> 
     </span>
     <span class='ocr_line' id='line_1_33' title="bbox 158 3725 1465 3808; baseline 0 -20"><span class='ocrx_word' id='word_1_301' title='bbox 158 3725 269 3800; x_wconf 88' lang='lat' dir='ltr'><strong>dicti,</strong></span> <span class='ocrx_word' id='word_1_302' title='bbox 291 3728 428 3791; x_wconf 75' lang='lat' dir='ltr'><strong>silentio·</strong></span> <span class='ocrx_word' id='word_1_303' title='bbox 441 3730 668 3805; x_wconf 90' lang='lat' dir='ltr'><strong>praeterierint.</strong></span> <span class='ocrx_word' id='word_1_304' title='bbox 715 3736 816 3808; x_wconf 82' lang='lat' dir='ltr'><strong>Atque</strong></span> <span class='ocrx_word' id='word_1_305' title='bbox 840 3729 922 3807; x_wconf 92' lang='lat' dir='ltr'><strong>quod</strong></span> <span class='ocrx_word' id='word_1_306' title='bbox 947 3733 988 3790; x_wconf 90' lang='lat' dir='ltr'><strong>ita</strong></span> <span class='ocrx_word' id='word_1_307' title='bbox 1009 3748 1066 3808; x_wconf 90' lang='lat' dir='ltr'><strong>per</strong></span> <span class='ocrx_word' id='word_1_308' title='bbox 1088 3729 1157 3790; x_wconf 92' lang='lat' dir='ltr'><strong>illos</strong></span> <span class='ocrx_word' id='word_1_309' title='bbox 1177 3730 1317 3794; x_wconf 85' lang='lat' dir='ltr'><strong>Christus</strong></span> <span class='ocrx_word' id='word_1_310' title='bbox 1340 3732 1408 3807; x_wconf 87' lang='lat' dir='ltr'><strong>ipse</strong></span> <span class='ocrx_word' id='word_1_311' title='bbox 1432 3731 1465 3789; x_wconf 93' lang='lat' dir='ltr'><strong>in</strong></span> 
     </span>
     <span class='ocr_line' id='line_1_34' title="bbox 179 3815 1465 3894; baseline 0.001 -20"><span class='ocrx_word' id='word_1_312' title='bbox 179 3815 289 3892; x_wconf 88' lang='lat' dir='ltr'><strong>spiritu</strong></span> <span class='ocrx_word' id='word_1_313' title='bbox 308 3831 365 3874; x_wconf 90' lang='lat' dir='ltr'><strong>suo</strong></span> <span class='ocrx_word' id='word_1_314' title='bbox 382 3831 533 3892; x_wconf 87' lang='lat' dir='ltr'><strong>praesens</strong></span> <span class='ocrx_word' id='word_1_315' title='bbox 551 3817 846 3894; x_wconf 80' lang='lat' dir='ltr'><strong>praesignificasset,</strong></span> <span class='ocrx_word' id='word_1_316' title='bbox 864 3816 945 3877; x_wconf 89' lang='lat' dir='ltr'><strong>idem</strong></span> <span class='ocrx_word' id='word_1_317' title='bbox 963 3819 1044 3878; x_wconf 88' lang='lat' dir='ltr'><strong>inter</strong></span> <span class='ocrx_word' id='word_1_318' title='bbox 1064 3816 1258 3878; x_wconf 79' lang='lat' dir='ltr'><strong>Christianos</strong></span> <span class='ocrx_word' id='word_1_319' title='bbox 1275 3832 1355 3875; x_wconf 87' lang='lat' dir='ltr'><strong>nunc</strong></span> <span class='ocrx_word' id='word_1_320' title='bbox 1375 3832 1465 3876; x_wconf 85' lang='lat' dir='ltr'><strong>euan-</strong></span> 
     </span>
    </p>
   </div>
   <div class='ocr_carea' id='block_1_7' title="bbox 178 3899 1561 3980">
    <p class='ocr_par' dir='ltr' id='par_1_9' title="bbox 178 3899 1561 3980">
     <span class='ocr_line' id='line_1_35' title="bbox 178 3899 1561 3980; baseline 0.001 -20"><span class='ocrx_word' id='word_1_321' title='bbox 178 3900 290 3978; x_wconf 90' lang='lat' dir='ltr'><strong>gelium</strong></span> <span class='ocrx_word' id='word_1_322' title='bbox 307 3899 515 3976; x_wconf 90' lang='lat' dir='ltr'><strong>praedicatum</strong></span> <span class='ocrx_word' id='word_1_323' title='bbox 536 3919 606 3967; x_wconf 87' lang='lat' dir='ltr'><strong>esse</strong></span> <span class='ocrx_word' id='word_1_324' title='bbox 626 3905 735 3980; x_wconf 90' lang='lat' dir='ltr'><strong>spiritu</strong></span> <span class='ocrx_word' id='word_1_325' title='bbox 755 3911 863 3964; x_wconf 89' lang='lat' dir='ltr'><strong>sancto</strong></span> <span class='ocrx_word' id='word_1_326' title='bbox 882 3902 919 3962; x_wconf 89' lang='lat' dir='ltr'><strong>de</strong></span> <span class='ocrx_word' id='word_1_327' title='bbox 937 3904 1023 3964; x_wconf 89' lang='lat' dir='ltr'><strong>coelo</strong></span> <span class='ocrx_word' id='word_1_328' title='bbox 1042 3907 1239 3980; x_wconf 89' lang='lat' dir='ltr'><strong>cooperante,</strong></span> <span class='ocrx_word' id='word_1_329' title='bbox 1258 3902 1375 3980; x_wconf 89' lang='lat' dir='ltr'><strong>angelis</strong></span> <span class='ocrx_word' id='word_1_330' title='bbox 1397 3919 1465 3961; x_wconf 89' lang='lat' dir='ltr'><strong>cum</strong></span> <span class='ocrx_word' id='word_1_331' title='bbox 1560 3914 1561 3921; x_wconf 53' lang='lat'>¹</span> 
     </span>
    </p>
   </div>
   <div class='ocr_carea' id='block_1_8' title="bbox 177 3985 1464 4153">
    <p class='ocr_par' dir='ltr' id='par_1_10' title="bbox 177 3985 1464 4153">
     <span class='ocr_line' id='line_1_36' title="bbox 177 3985 1464 4067; baseline 0.002 -21"><span class='ocrx_word' id='word_1_332' title='bbox 177 3985 332 4046; x_wconf 90' lang='lat' dir='ltr'><strong>desiderio</strong></span> <span class='ocrx_word' id='word_1_333' title='bbox 356 3988 609 4065; x_wconf 87' lang='lat' dir='ltr'><strong>inspectantibus.</strong></span> <span class='ocrx_word' id='word_1_334' title='bbox 658 3989 738 4050; x_wconf 91' lang='lat' dir='ltr'><strong>Haec</strong></span> <span class='ocrx_word' id='word_1_335' title='bbox 763 3991 863 4048; x_wconf 85' lang='lat' dir='ltr'><strong>omnia</strong></span> <span class='ocrx_word' id='word_1_336' title='bbox 888 3990 925 4067; x_wconf 80' lang='lat' dir='ltr'><strong>(l,</strong></span> <span class='ocrx_word' id='word_1_337' title='bbox 952 3991 1066 4065; x_wconf 80' lang='lat'>1-12)</span> <span class='ocrx_word' id='word_1_338' title='bbox 1090 3989 1126 4049; x_wconf 91' lang='lat' dir='ltr'><strong>ad</strong></span> <span class='ocrx_word' id='word_1_339' title='bbox 1151 3989 1259 4048; x_wconf 88' lang='lat' dir='ltr'><strong>salutis</strong></span> <span class='ocrx_word' id='word_1_340' title='bbox 1284 3988 1464 4064; x_wconf 88' lang='lat' dir='ltr'><strong>gloriaeque</strong></span> 
     </span>
     <span class='ocr_line' id='line_1_37' title="bbox 178 4072 1462 4153; baseline -0.001 -20"><span class='ocrx_word' id='word_1_341' title='bbox 178 4072 361 4133; x_wconf 89' lang='lat' dir='ltr'><strong>Christianis</strong></span> <span class='ocrx_word' id='word_1_342' title='bbox 374 4074 496 4134; x_wconf 85' lang='lat' dir='ltr'><strong>futurae</strong></span> <span class='ocrx_word' id='word_1_343' title='bbox 509 4092 596 4152; x_wconf 89' lang='lat' dir='ltr'><strong>spem</strong></span> <span class='ocrx_word' id='word_1_344' title='bbox 616 4073 859 4152; x_wconf 84' lang='lat' dir='ltr'><strong>exaggerandam</strong></span> <span class='ocrx_word' id='word_1_345' title='bbox 876 4075 1176 4153; x_wconf 84' lang='lat' dir='ltr'><strong>confirmandamque</strong></span> <span class='ocrx_word' id='word_1_346' title='bbox 1195 4075 1272 4134; x_wconf 89' lang='lat' dir='ltr'><strong>dicta</strong></span> <span class='ocrx_word' id='word_1_347' title='bbox 1295 4077 1388 4151; x_wconf 90' lang='lat' dir='ltr'><strong>atque</strong></span> <span class='ocrx_word' id='word_1_348' title='bbox 1403 4075 1462 4150; x_wconf 88' lang='lat' dir='ltr'><strong>epi-</strong></span> 
     </span>
    </p>
   </div>
   <div class='ocr_carea' id='block_1_9' title="bbox 12 4156 1463 4238">
    <p class='ocr_par' dir='ltr' id='par_1_11' title="bbox 12 4156 1463 4238">
     <span class='ocr_line' id='line_1_38' title="bbox 12 4156 1463 4238; baseline -0.001 -19"><span class='ocrx_word' id='word_1_349' title='bbox 12 4156 16 4164; x_wconf 83' lang='lat'>&#39;</span> <span class='ocrx_word' id='word_1_350' title='bbox 112 4186 115 4191; x_wconf 30' lang='lat' dir='ltr'><strong>r</strong></span> <span class='ocrx_word' id='word_1_351' title='bbox 177 4158 275 4219; x_wconf 89' lang='lat' dir='ltr'><strong>stolae</strong></span> <span class='ocrx_word' id='word_1_352' title='bbox 286 4159 409 4236; x_wconf 84' lang='lat' dir='ltr'><strong>prologi</strong></span> <span class='ocrx_word' id='word_1_353' title='bbox 420 4162 517 4220; x_wconf 89' lang='lat' dir='ltr'><strong>instar</strong></span> <span class='ocrx_word' id='word_1_354' title='bbox 529 4164 701 4238; x_wconf 89' lang='lat' dir='ltr'><strong>praemissa</strong></span> <span class='ocrx_word' id='word_1_355' title='bbox 714 4167 800 4230; x_wconf 87' lang='lat' dir='ltr'><strong>sunt,</strong></span> <span class='ocrx_word' id='word_1_356' title='bbox 814 4164 855 4220; x_wconf 91' lang='lat' dir='ltr'><strong>ita</strong></span> <span class='ocrx_word' id='word_1_357' title='bbox 868 4168 903 4222; x_wconf 90' lang='lat' dir='ltr'><strong>ut</strong></span> <span class='ocrx_word' id='word_1_358' title='bbox 920 4167 1133 4238; x_wconf 88' lang='lat' dir='ltr'><strong>argumentum</strong></span> <span class='ocrx_word' id='word_1_359' title='bbox 1151 4163 1248 4220; x_wconf 90' lang='lat' dir='ltr'><strong>totins</strong></span> <span class='ocrx_word' id='word_1_360' title='bbox 1269 4159 1417 4236; x_wconf 89' lang='lat' dir='ltr'><strong>epistolae</strong></span> <span class='ocrx_word' id='word_1_361' title='bbox 1432 4164 1463 4219; x_wconf 91' lang='lat' dir='ltr'><strong>et</strong></span> 
     </span>
    </p>
   </div>
   <div class='ocr_carea' id='block_1_10' title="bbox 179 4246 1466 4758">
    <p class='ocr_par' dir='ltr' id='par_1_12' title="bbox 179 4246 1466 4758">
     <span class='ocr_line' id='line_1_39' title="bbox 179 4246 1465 4327; baseline 0.001 -23"><span class='ocrx_word' id='word_1_362' title='bbox 179 4247 269 4323; x_wconf 90' lang='lat' dir='ltr'><strong>quasi</strong></span> <span class='ocrx_word' id='word_1_363' title='bbox 285 4247 508 4306; x_wconf 89' lang='lat' dir='ltr'><strong>sententiarum</strong></span> <span class='ocrx_word' id='word_1_364' title='bbox 524 4265 641 4307; x_wconf 89' lang='lat' dir='ltr'><strong>summa</strong></span> <span class='ocrx_word' id='word_1_365' title='bbox 658 4248 736 4307; x_wconf 86' lang='lat' dir='ltr'><strong>inira</strong></span> <span class='ocrx_word' id='word_1_366' title='bbox 756 4254 805 4308; x_wconf 91' lang='lat' dir='ltr'><strong>ter</strong></span> <span class='ocrx_word' id='word_1_367' title='bbox 822 4253 970 4326; x_wconf 85' lang='lat' dir='ltr'><strong>quaterve</strong></span> <span class='ocrx_word' id='word_1_368' title='bbox 986 4250 1117 4327; x_wconf 90' lang='lat' dir='ltr'><strong>repetita</strong></span> <span class='ocrx_word' id='word_1_369' title='bbox 1135 4246 1172 4306; x_wconf 92' lang='lat' dir='ltr'><strong>ab</strong></span> <span class='ocrx_word' id='word_1_370' title='bbox 1188 4247 1276 4305; x_wconf 88' lang='lat' dir='ltr'><strong>initio</strong></span> <span class='ocrx_word' id='word_1_371' title='bbox 1295 4246 1398 4305; x_wconf 88' lang='lat' dir='ltr'><strong>statim</strong></span> <span class='ocrx_word' id='word_1_372' title='bbox 1418 4262 1465 4305; x_wconf 87' lang='lat' dir='ltr'><strong>sa-</strong></span> 
     </span>
     <span class='ocr_line' id='line_1_40' title="bbox 179 4333 1466 4408; baseline 0.002 -18"><span class='ocrx_word' id='word_1_373' title='bbox 179 4333 219 4390; x_wconf 90' lang='lat' dir='ltr'><strong>tis</strong></span> <span class='ocrx_word' id='word_1_374' title='bbox 236 4333 399 4408; x_wconf 87' lang='lat' dir='ltr'><strong>perspicue</strong></span> <span class='ocrx_word' id='word_1_375' title='bbox 416 4333 618 4406; x_wconf 88' lang='lat' dir='ltr'><strong>significetur:</strong></span> <span class='ocrx_word' id='word_1_376' title='bbox 644 4335 798 4394; x_wconf 85' lang='lat' dir='ltr'><strong>Gloriae</strong></span> <span class='ocrx_word' id='word_1_377' title='bbox 819 4337 856 4394; x_wconf 92' lang='lat' dir='ltr'><strong>in</strong></span> <span class='ocrx_word' id='word_1_378' title='bbox 877 4335 1033 4395; x_wconf 90' lang='lat' dir='ltr'><strong>Christo</strong></span> <span class='ocrx_word' id='word_1_379' title='bbox 1051 4336 1205 4394; x_wconf 90' lang='lat' dir='ltr'><strong>futurae</strong></span> <span class='ocrx_word' id='word_1_380' title='bbox 1229 4348 1295 4407; x_wconf 92' lang='lat' dir='ltr'><strong>spe</strong></span> <span class='ocrx_word' id='word_1_381' title='bbox 1320 4333 1466 4392; x_wconf 90' lang='lat' dir='ltr'><strong>animos</strong></span> 
     </span>
     <span class='ocr_line' id='line_1_41' title="bbox 180 4415 1466 4481; baseline 0.001 -5"><span class='ocrx_word' id='word_1_382' title='bbox 180 4415 485 4477; x_wconf 90' lang='lat' dir='ltr'><strong>corroborandos</strong></span> <span class='ocrx_word' id='word_1_383' title='bbox 521 4436 606 4479; x_wconf 89' lang='lat' dir='ltr'><strong>esse</strong></span> <span class='ocrx_word' id='word_1_384' title='bbox 635 4420 677 4480; x_wconf 91' lang='lat' dir='ltr'><strong>ad</strong></span> <span class='ocrx_word' id='word_1_385' title='bbox 705 4422 989 4481; x_wconf 86' lang='lat' dir='ltr'><strong>afflictationes</strong></span> <span class='ocrx_word' id='word_1_386' title='bbox 1022 4420 1198 4480; x_wconf 90' lang='lat' dir='ltr'><strong>concitas</strong></span> <span class='ocrx_word' id='word_1_387' title='bbox 1226 4417 1466 4478; x_wconf 89' lang='lat' dir='ltr'><strong>Christianis</strong></span> 
     </span>
     <span class='ocr_line' id='line_1_42' title="bbox 181 4502 1465 4584; baseline 0.003 -24"><span class='ocrx_word' id='word_1_388' title='bbox 181 4507 341 4579; x_wconf 90' lang='lat' dir='ltr'><strong>propter</strong></span> <span class='ocrx_word' id='word_1_389' title='bbox 357 4502 471 4563; x_wconf 86' lang='lat' dir='ltr'><strong>iidem</strong></span> <span class='ocrx_word' id='word_1_390' title='bbox 487 4505 522 4563; x_wconf 93' lang='lat' dir='ltr'><strong>in</strong></span> <span class='ocrx_word' id='word_1_391' title='bbox 539 4504 729 4567; x_wconf 90' lang='lat' dir='ltr'><strong>Christum</strong></span> <span class='ocrx_word' id='word_1_392' title='bbox 744 4509 938 4584; x_wconf 90' lang='lat' dir='ltr'><strong>patienter</strong></span> <span class='ocrx_word' id='word_1_393' title='bbox 956 4504 1194 4567; x_wconf 77' lang='lat' dir='ltr'><strong>tolerandas,</strong></span> <span class='ocrx_word' id='word_1_394' title='bbox 1224 4504 1349 4562; x_wconf 89' lang='lat' dir='ltr'><strong>Maximi</strong></span> <span class='ocrx_word' id='word_1_395' title='bbox 1362 4506 1465 4564; x_wconf 91' lang='lat' dir='ltr'><strong>autem</strong></span> 
     </span>
     <span class='ocr_line' id='line_1_43' title="bbox 182 4589 1466 4668; baseline 0.002 -21"><span class='ocrx_word' id='word_1_396' title='bbox 182 4591 328 4650; x_wconf 89' lang='lat' dir='ltr'><strong>momenti</strong></span> <span class='ocrx_word' id='word_1_397' title='bbox 341 4594 404 4660; x_wconf 92' lang='lat' dir='ltr'><strong>est,</strong></span> <span class='ocrx_word' id='word_1_398' title='bbox 422 4590 502 4667; x_wconf 92' lang='lat' dir='ltr'><strong>qnod</strong></span> <span class='ocrx_word' id='word_1_399' title='bbox 514 4589 624 4650; x_wconf 87' lang='lat' dir='ltr'><strong>Petrus</strong></span> <span class='ocrx_word' id='word_1_400' title='bbox 637 4592 715 4652; x_wconf 91' lang='lat' dir='ltr'><strong>hanc</strong></span> <span class='ocrx_word' id='word_1_401' title='bbox 733 4593 882 4668; x_wconf 86' lang='lat' dir='ltr'><strong>euangelii</strong></span> <span class='ocrx_word' id='word_1_402' title='bbox 904 4610 1052 4652; x_wconf 89' lang='lat' dir='ltr'><strong>summam</strong></span> <span class='ocrx_word' id='word_1_403' title='bbox 1068 4591 1183 4650; x_wconf 89' lang='lat' dir='ltr'><strong>veteris</strong></span> <span class='ocrx_word' id='word_1_404' title='bbox 1202 4591 1379 4650; x_wconf 90' lang='lat' dir='ltr'><strong>testamenti</strong></span> <span class='ocrx_word' id='word_1_405' title='bbox 1396 4607 1466 4667; x_wconf 90' lang='lat' dir='ltr'><strong>pro-</strong></span> 
     </span>
     <span class='ocr_line' id='line_1_44' title="bbox 179 4673 1464 4758; baseline 0.002 -25"><span class='ocrx_word' id='word_1_406' title='bbox 179 4673 281 4751; x_wconf 91' lang='lat' dir='ltr'><strong>phetis</strong></span> <span class='ocrx_word' id='word_1_407' title='bbox 289 4676 351 4750; x_wconf 90' lang='lat' dir='ltr'><strong>jam</strong></span> <span class='ocrx_word' id='word_1_408' title='bbox 363 4677 486 4758; x_wconf 82' lang='lat' dir='ltr'><strong>tribuat,</strong></span> <span class='ocrx_word' id='word_1_409' title='bbox 496 4677 635 4752; x_wconf 83' lang='lat' dir='ltr'><strong>proiecto</strong></span> <span class='ocrx_word' id='word_1_410' title='bbox 649 4695 710 4736; x_wconf 91' lang='lat' dir='ltr'><strong>non</strong></span> <span class='ocrx_word' id='word_1_411' title='bbox 722 4677 759 4736; x_wconf 91' lang='lat' dir='ltr'><strong>ad</strong></span> <span class='ocrx_word' id='word_1_412' title='bbox 771 4679 889 4755; x_wconf 88' lang='lat' dir='ltr'><strong>singula</strong></span> <span class='ocrx_word' id='word_1_413' title='bbox 904 4680 1054 4748; x_wconf 86' lang='lat' dir='ltr'><strong>vaticinia,</strong></span> <span class='ocrx_word' id='word_1_414' title='bbox 1066 4677 1281 4752; x_wconf 83' lang='lat' dir='ltr'><strong>uelutJesaJ‘ae</strong></span> <span class='ocrx_word' id='word_1_415' title='bbox 1294 4675 1464 4753; x_wconf 82' lang='lat' dir='ltr'><strong>caputblll,</strong></span> 
     </span>
    </p>
   </div>
   <div class='ocr_carea' id='block_1_11' title="bbox 0 0 1616 5228">
    <p class='ocr_par' dir='ltr' id='par_1_13' title="bbox 0 0 1616 5228">
     <span class='ocr_line' id='line_1_45' title="bbox 0 0 1616 5228; baseline 0 0"><span class='ocrx_word' id='word_1_416' title='bbox 0 0 1616 5228; x_wconf 95' lang='lat' dir='ltr'><strong> </strong></span> 
     </span>
    </p>
   </div>
  </div>
 </body>
</html>
