3210 5228
167 321 206 384 ro
333 391 334 399 Ν
643 325 820 394 reniero,
841 326 986 384 ra-rr,
1099 285 1105 297 ’

166 488 209 557 ibi
223 490 366 549 ‚maxime
396 488 434 548 de
456 488 563 567 probis
586 491 686 566 iisque
711 491 848 564 afflictis,
879 491 991 567 quibus
1014 490 1158 551 auxilium
1182 490 1318 551 diuinum
1340 506 1442 565 prom-

164 579 251 653 ptum
279 576 321 636 sit
349 579 441 651 atque
470 575 642 652 paratnn.¹
686 576 731 636 lta
759 576 818 638 boc
846 579 950 654 priore
974 593 1084 638 versus
1107 575 1279 636 duodecimi
1302 575 1443 638 membra

166 664 272 739 aperte
294 677 355 721 nou
377 666 440 720 tam
462 661 565 738 agitur
584 659 624 721 dc
646 660 747 722 divina
768 664 850 724 vitae
866 662 903 723 ad
918 662 1099 723 Psalmistae
1124 667 1256 722 ruentem
1279 665 1366 722 actae
1389 676 1443 737 ap·

166 746 348 826 probatione
364 764 455 823 quam
478 745 516 807 dc
538 746 651 807 auxilio
674 749 733 824 piis
756 766 794 808 eo
817 750 932 810 certius
954 749 1153 824 luturo‚·quo
1178 746 1335 822 magisab
1357 746 1441 808 onai

166 833 370 910 repugnantia
390 832 531 908 maloque
548 831 624 893 'aliis
646 832 807 895 inferendo
831 834 983 895 desistant
1004 832 1100 910 ipsit
1128 835 1182 894 Cui
1205 835 1366 909 aptissime
1388 849 1440 893 an-

168 935 244 981 nexa
268 920 439 980 sententiae
458 918 523 995 jam
545 937 574 979 v.
589 919 627 981 13
650 920 790 996 procedit
811 922 911 980 oratio
934 919 972 980 ad
991 921 1266 997 interrogationem
1287 917 1338 978 acl
1361 910 1440 988 τίςὸ

168 998 317 1070 κακώσων
334 996 432 1080 ὖμᾶςς
476 1005 589 1082 „Atqui
611 1003 713 1066 diuino
736 1007 848 1066 auxilio
872 1005 1075 1066 circumdatos
1099 1023 1159 1082 quo
1183 1004 1370 1065 vosdanmo
1390 1003 1442 1065 ad-

167 1091 298 1154 uersarii
318 1089 466 1162 afficient,
497 1089 649 1167 siquidem
673 1093 949 1167 perseveraveritis
976 1094 1007 1152 in
1031 1109 1083 1162 ea,
1110 1093 1159 1152 eoi
1182 1093 1378 1168 promissum¹
1392 1095 1441 1152 est

168 1175 302 1237 divinum
326 1175 484 1247 auxilium,
507 1177 589 1236 vitae
611 1178 809 1253 probitatel“
1231 1196 1233 1200 “
1305 1190 1308 1195 ’
1439 1212 1442 1221 ,

195 1310 212 1325 ..
253 1260 413 1322 Sententia
440 1262 562 1323 omnino
591 1269 676 1324 caret
702 1281 813 1326 versus
842 1263 979 1325 decimus
1004 1265 1130 1334 tertius,
1164 1264 1224 1324 nisi
1255 1280 1293 1323 ex
1320 1265 1442 1323 antece·

168 1346 261 1411 dcntc
284 1347 463 1424 suppleatur
485 1347 578 1409 divini
599 1348 746 1426 praesidii
768 1352 867 1420 notio,
892 1349 922 1409 id
945 1349 1027 1426 quod
1049 1350 1094 1409 De
1109 1351 1211 1410 Wette
1225 1354 1311 1410 recte
1328 1364 1441 1423 cogno·

170 1433 243 1499 vm·
289 1433 467 1494 Certissima
489 1433 538 1494 bis
560 1435 667 1495 verbis·
688 1439 863 1496 continetur
884 1437 1049 1512 promissio
1073 1435 1190 1508 divina,
1213 1435 1257 1495 nil
1279 1433 1381 1495 damni
1403 1433 1443 1494 ab

168 1519 343 1583 bominibus
365 1520 524 1595 importari
545 1537 641 1597 posse
664 1523 732 1582 viro
750 1522 938 1592 Christiano,
958 1520 1109 1598 siquidem
1131 1539 1166 1581 re
1189 1538 1261 1582 vera
1284 1521 1326 1580 sit
1342 1520 1442 1596 qualis

169 1607 290 1667 nomine
313 1604 495 1670 declaretur.
534 1610 614 1667 Ante
631 1607 736 1668 oculos
759 1608 817 1667 luit
838 1607 1016 1684 sine-dubio
1032 1607 1090 1666 hoc
1105 1625 1229 1683 quoque
1242 1607 1310 1667 loco
1329 1604 1442 1666 dictum

169 1693 284 1753 veteris
296 1692 471 1751 testamenti
485 1693 562 1767 (les.
577 1691 611 1764 L,
626 1693 674 1768 9);
689 1693 740 1752 nbi
751 1692 831 1752 LXX
843 1695 1031 1770 interpretes
1042 1693 1102 1753 boc
1113 1695 1182 1770 ipso
1194 1693 1290 1754 verbo
1304 1696 1440 1764 utuntur,

169 1775 237 1839 idad
254 1771 358 1857 κύριος
380 1773 483 1857 κύριος
499 1773 654 1856 βοηθήσει
668 1793 735 1854 μοι·
759 1779 805 1848 τίς
820 1773 949 1839 κακώσει
966 1797 1022 1854 μι;
1048 1778 1219 1841 Similitudo
1238 1783 1340 1839 autem
1359 1777 1441 1837 loco-

169 1881 238 1927 rum
255 1878 318 1924 non
338 1864 370 1923 in
391 1863 496 1923 verbis
514 1864 615 1924 solum
633 1868 691 1935 est,
715 1882 806 1942 qnam
824 1866 1011 1942 interpretes
1034 1867 1100 1926 tere
1118 1882 1225 1925 omnes
1240 1860 1442 1940 agnoverunt

169 1948 225 2013 sod
244 1952 274 2010 in
291 1952 436 2010 contextu
455 1947 513 2010 loci
531 1950 667 2026 Jesajanr
686 1953 784 2028 magis
801 1952 892 2011 etiam
911 1952 1084 2028 conspicua.
1116 1950 1278 2011 Antecedit
1293 1949 1372 2026 apud
1389 1949 1443 2011 Je-

168 2036 267 2114 sejam
290 2035 456 2112 descriptio
479 2035 569 2111 probi
599 2038 753 2116 patienter
782 2036 944 2097 tolerantis
971 2036 1118 2114 quidquid
1147 2038 1327 2114 injuriarum
1353 2052 1443 2097 rena·

168 2123 286 2183 tionum
309 2121 560 2181 contumeliarum
583 2124 613 2181 in
637 2139 672 2183 se
695 2123 829 2183 inierant
850 2122 1019 2183 adversarii
1042 2123 1095 2200 (L,
1119 2126 1136 2184 7
1160 2124 1213 2182 cfr.
1240 2128 1349 2183 nostru
1372 2120 1441 2197 loco

169 2226 197 2270 v.
212 2207 257 2283 9).
293 2207 404 2269 Mediis
428 2212 530 2267 autem
552 2209 585 2268 in
607 2208 799 2269 contumeliis
822 2213 907 2269 certa
930 2207 1023 2268 diuini
1039 2208 1185 2286 praesidii
1207 2221 1263 2285 spe
1284 2210 1328 2269 ita
1349 2207 1442 2282 erigi-

169 2297 234 2365 tur,
258 2298 293 2354 ut
315 2292 509 2353 aduersarios
531 2310 705 2370 provocans
728 2293 859 2354 exultet:
883 2292 928 2364 τίς
951 2289 1163 2374 ὃκριυόμιυός
1183 2317 1254 2372 μοις
1277 2292 1323 2365 τις
1340 2288 1443 2353 acad*

169 2399 213 2446 οιι
235 2399 291 2457 pag
336 2379 434 2439 Etiam
457 2395 536 2456 quae
563 2380 643 2440 inira
662 2397 700 2441 ex
724 2380 849 2456 Jesajae
877 2384 986 2441 octauo
1014 2381 1113 2456 capite
1143 2381 1251 2442 bansta
1280 2379 1442 2457 apostolus
1538 2383 1542 2386 ⁴

168 2464 442 2542 interponit-hnic
465 2466 637 2526 sentcntiae
653 2466 820 2527 simillima:
843 2463 897 2526 τὸν
919 2463 952 2525 δι’
971 2461 1072 2546 φόβου
1095 2462 1197 2525 αὐτῶν
1211 2462 1256 2545 μὴ
1274 2467 1440 2545 φοβηθῆτε

166 2549 246 2628 μηδὲ
260 2552 441 2628 ταραχθῆτε
455 2584 496 2595 -
512 2584 563 2622 -‚
580 2568 599 2611 a
618 2556 765 2612 contextu
781 2553 889 2628 eapitis
906 2552 1152 2630 quinquagesimi
1167 2569 1230 2613 non
1244 2556 1316 2613 sunt
1332 2551 1440 2613 aliena.

167 2636 214 2699 lbi
234 2637 316 2706 enim
338 2637 440 2712 pergit
459 2637 639 2714 paulopost
661 2637 722 2716 (Ll,
747 2637 795 2714 tl:
817 2636 861 2715 μὴ
885 2639 1041 2717 polinicis
1064 2634 1237 2713 ὀνειδισμὸν
1260 2633 1440 2716 ἀνθρώπων

167 2722 217 2783 ast
239 2725 284 2804 τῷ
306 2719 473 2804 φαυλισμρῖ
495 2718 599 2784 αὐτῶν
625 2719 670 2803 μὴ
694 2716 842 2800 ἡττᾶσθε.
887 2723 1012 2785 Petrum
1036 2732 1138 2790 autem
1160 2725 1283 2784 omnino
1310 2740 1375 2784 non
1402 2722 1441 2785 ad

52 2871 54 2882 Α
167 2809 261 2871 uerba
284 2807 385 2868 solum
408 2811 522 2870 veteris
544 2813 725 2871 testamenti
746 2809 881 2871 alludere
905 2803 1106 2888 singulosque
1132 2809 1220 2870 locos
1244 2811 1275 2869 in
1298 2807 1442 2869 auxilium

167 2902 291 2973 uacare,
312 2892 367 2954 scd
391 2911 549 2974 quaequae
572 2895 610 2956 ab
631 2913 670 2957 eo
686 2896 735 2957 vel
759 2895 839 2957 dicta
854 2897 903 2956 vel
926 2898 1040 2972 scripta
1062 2897 1252 2967 referantur,
1275 2900 1372 2956 totam
1391 2911 1442 2959 ver
1541 2929 1543 2932 <

166 2983 243 3043 teris
258 2981 447 3042 ¹testamenti
475 2980 595 3042 dicendi
625 2981 919 3058 argumentandique
950 2984 1103 3042 rationem
1132 2981 1274 3042 redolere
1306 2981 1440 3056 singula

237 3132 260 3186 1.
280 3130 405 3186 Conferre
422 3133 588 3200 potissimum
606 3135 727 3187 v.5-1o
745 3134 789 3200 qui
808 3132 840 3186 ad
859 3149 938 3186 unum
954 3147 1045 3185 omnes
1064 3131 1090 3184 id
1109 3138 1190 3200 agunt
1209 3137 1237 3184 ut
1252 3132 1299 3185 bei
1318 3133 1442 3186 auxilium

169 3196 291 3262 atterant,
310 3199 401 3253 bavidi
420 3201 524 3270 piisque
543 3201 679 3264 omnibus,
697 3202 788 3270 quiqui
800 3202 892 3255 afflicti
910 3201 1100 3254 calamitatibus
1113 3201 1159 3253 illo
1172 3200 1348 3264 confiderent,
1366 3216 1442 3269 prae·

167 3268 265 3322 stitum.
285 3269 330 3321 llis
344 3274 467 3338 tunquam
483 3272 610 3339 exemplis
624 3271 857 3339 comprobantibus
871 3272 1003 3331 nituntur,
1020 3284 1086 3338 quae
1101 3269 1196 3323 deinde
1211 3272 1237 3321 in
1253 3271 1334 3324 altera
1344 3270 1442 3323 Psalmi

169 3341 242 3404 parte
260 3336 393 3392 docemur.
421 3339 511 3407 Neque
531 3340 581 3392 boc
600 3339 786 3408 negligendum
802 3346 843 3392 eat
855 3339 961 3391 Petrum
976 3353 1054 3407 supra
1068 3339 1123 3404 jam
1138 3339 1159 3403 (l
1169 3378 1176 3400 ‚
1188 3341 1215 3403 3)
1229 3352 1261 3392 ex
1274 3340 1324 3393 boc
1336 3339 1441 3394 Psalmo

169 3405 312 3473 allegasse,
331 3408 426 3474 quibus
445 3409 509 3460 haec
528 3410 585 3477 ipsa
603 3409 733 3461 sententia
752 3413 876 3477 tanquam
894 3408 993 3461 Psalmi
1010 3408 1092 3461 totius
1112 3407 1240 3476 quaedam
1259 3424 1361 3462 summa
1379 3425 1441 3477 conf
1505 3465 1506 3469 ,

169 3475 282 3529 lineatur
301 3469 473 3544 (ἐγεύσασθε
491 3476 535 3530 ὅτι
552 3471 672 3547 χρηστὸς
689 3472 704 3526 ὃ
720 3471 837 3546 κύριος).

237 3546 261 3596 2.
281 3542 429 3664 διεὶῖοι,
449 3546 568 3613 quamuis
586 3560 723 3614 perperam
742 3553 838 3599 statuat
857 3546 934 3598 verba
954 3539 1101 3615 πρόςωπον
1118 3544 1213 3614 υυρίου
1231 3545 1270 3598 nil
1290 3544 1440 3613 significare

169 3611 344 3674 raiol·„iualos
385 3627 445 3664 eum
470 3629 522 3666 non
545 3615 649 3666 laterc“
670 3613 974 3683 (Camerarllensler),
991 3620 1078 3666 tamen
1096 3615 1147 3666 boc
1164 3615 1228 3667 satis
1254 3621 1441 3677 rememoret

168 3680 274 3737 Petrum
299 3682 419 3735 consulto
444 3683 564 3736 omisisse
587 3684 720 3750 posterius
744 3685 771 3735 in
789 3683 886 3736 Psalmi
904 3699 985 3736 versu
1006 3684 1150 3744 membrum
1170 3683 1263 3746 (Lllllz
1284 3685 1332 3737 τιῖ·
1354 3678 1442 3740 dicto.-

169 3750 287 3823 dpciccc
306 3744 336 3802 ἐκ
348 3750 399 3820 γῆς
412 3744 443 3802 τὸ
453 3747 634 3822 μνημόσυνον
645 3747 745 3816 αὐτῶν)
760 3754 820 3819 qnia
834 3754 900 3805 nibil
911 3753 1059 3806 interfuerit
1072 3754 1198 3820 apostoli,
1217 3759 1315 3806 terrere
1326 3754 1441 3806 lectores

167 3818 269 3889 poenae
287 3819 426 3874 severitate
445 3827 505 3874 alite
524 3821 616 3874 oculos
633 3820 769 3889 ponenda:
788 3822 846 3883 „Er
859 3823 914 3875 walt
925 3822 997 3874 nictit
1008 3840 1057 3873 con
1070 3824 1116 3873 der
1128 3821 1287 3892 Bertrosunp
1299 3824 1345 3875 der
1357 3822 1441 3874 B'o'sen

169 3894 209 3941 σοι
231 3891 304 3942 sicli
327 3892 417 3951 reden,
442 3894 489 3943 wie
506 3892 553 3942 der
566 3890 689 3943 Pscbnirt
707 3909 733 3942 es
752 3891 822 3953 ctat,
847 3909 890 3943 um
908 3892 993 3943 daron
1011 3891 1229 3954 obrumbrantia,
1254 3893 1364 3943 eundern
1381 3907 1442 3942 οοιι

168 3959 236 4010 desti
248 3959 387 4022 Sobata,
406 3961 465 4011 der
481 3961 539 4011 dea
554 3960 736 4012 Gerccbten
756 3977 793 4011 aa
812 3960 898 4011 llicit
913 3961 1007 4021 msrd,
1030 3961 1096 4011 aad
1113 3960 1185 4011 also
1202 3977 1264 4011 aar
1281 3961 1441 4024 inensem

168 4029 314 4081 academ
333 4029 511 4081 Beaebmcn
532 4029 644 4081 θυσίαι
685 4047 763 4096 epea
781 4031 835 4080 die
852 4027 968 4090 Blitea,
991 4030 1043 4080 atr
1060 4031 1154 4080 diere
1170 4032 1276 4093 jesca
1294 4030 1442 4081 sesama

168 4096 352 4163 idaateof‘
369 4112 395 4164 p.
405 4099 455 4152 329
468 4112 508 4165 sq.
545 4095 596 4151 tir.
614 4045 721 4151 Lutieri
737 4098 818 4149 verba
836 4095 905 4164 apud
920 4096 1128 4164 Wicsingerum:
1145 4098 1240 4161 „Wait
1256 4100 1305 4150 mir
1321 4115 1376 4148 aaa
1393 4099 1442 4150 dar

167 4166 274 4229 ιυίιιιυ,
292 4167 354 4219 dass
373 4184 401 4217 er
418 4184 477 4218 υιιι
495 4169 541 4218 mit
561 4164 669 4220 Gaudeo
675 4203 683 4230 ,
696 4168 713 4231 j
719 4185 779 4218 eae
796 4169 842 4218 mit
863 4166 902 4218 Uo
939 4167 1006 4218 aden
1023 4166 1126 4219 aamett
1143 4165 1211 4218 ete.“
1459 4187 1461 4192 ·

173 4238 184 4245 “’
236 4230 260 4287 3.
285 4234 365 4297 „Und
383 4233 517 4304 (nermdpc
535 4236 621 4288 dieser
642 4235 770 4304 Fiirsurpe
789 4234 875 4287 Gottes
893 4184 939 4300 iti
957 4234 1098 4300 Gerecbte)
1115 4252 1168 4285 scer
1190 4236 1225 4285 ist
1249 4251 1299 4295 os,r
1315 4233 1362 4285 der
1379 4235 1442 4286 auct
1469 4279 1472 4284 .

168 4303 227 4360 titel
245 4304 323 4356 abaco
345 4303 455 4354 wird?“
480 4303 526 4356 cir,
549 4303 656 4356 llntlmr.
697 4301 835 4370 Steiger
859 4302 983 4364 eundem,
1006 4305 1044 4356 uti
1068 4317 1148 4370 supra
1171 4301 1298 4362 vidimus,
1322 4308 1440 4354 statuens

169 4373 296 4429 orationis
319 4386 414 4424 nexum
438 4387 576 4439 perperam
595 4371 690 4427 deinde
708 4387 802 4426 versus
819 4374 975 4426 sententiam
994 4377 1136 4433 extenuat„
1153 4371 1227 4438 qnasi
1249 4369 1367 4423 dicturus
1383 4372 1441 4423 iue-

170 4440 426 4504 rit=Petrus:'„Urtd
441 4442 601 4510 uberhaupt,
626 4461 680 4495 wer
701 4444 767 4495 mirri
791 4444 854 4496 sacis
876 4445 959 4506 deos,
982 4445 1030 4495 acie
1052 4443 1095 4495 ilar
1117 4442 1181 4492 ecci
1198 4440 1333 4502 stabilitet,
1356 4442 1442 4509 piciclo

171 4509 250 4571 {latet
271 4512 411 4579 actopcaf‘
449 4507 573 4568 Similiter
595 4510 700 4565 Flacius
718 4510 802 4564 Gloss.
823 4511 922 4565 Wiesin
943 4526 986 4573 er,
1006 4509 1052 4578 qui
1075 4509 1124 4560 bos
1146 4508 1278 4575 sequitur,
1298 4523 1384 4576 neque
1408 4508 1440 4562 ad

168 4575 284 4644 Jenajani
302 4595 362 4632 eum
380 4583 470 4657 nusuo
494 4581 554 4641 loco
576 4579 772 4635 similitudinem
797 4596 882 4648 neque
907 4527 942 4632 ai
964 4579 1048 4632 nostri
1071 4577 1155 4644 ipsius
1178 4582 1328 4630 contextum
1348 4572 1441 4649 (apic-

170 4654 246 4703 υπου
270 4643 301 4700 δὲ
318 4647 414 4719 κυρίου
432 4645 483 4698 sut
498 4646 645 4710 ποιοῦντας
661 4643 753 4700 κακά
769 4665 795 4703 υ.
812 4653 864 4712 12·y
882 4643 932 4710 τὸυ
954 4645 986 4699 δὲ
1010 4641 1099 4717 φοβον
1122 4641 1214 4697 αὐτῶν
1235 4639 1273 4716 μὴ
1298 4647 1442 4717 φοβηθῆτε

168 4729 194 4770 r.
205 4717 247 4778 ll)
267 4719 331 4770 satis
348 4715 473 4780 attendit,
491 4715 537 4770 ubi
555 4730 618 4767 sane
637 4717 842 4793 christianorum
860 4715 1017 4769 adversariis
1035 4714 1102 4776 mala
1119 4713 1303 4781 adscribuntur
1320 4716 1441 4783 aasabim
